3064 4754
209 229 267 288 ιη
639 219 793 260 8611824112.
808 217 871 262 041).
887 219 928 260 111.

293 389 372 458 Octo
394 389 432 456 R
454 389 492 454 R.
515 407 541 456 c.
565 395 603 458 δε
626 400 657 454 et
670 393 718 456 illi
730 397 830 454 ocimo
844 394 982 467 maiore
996 391 1117 454 facient.
1156 389 1236 452 Astu
1249 385 1354 454 Plnut.

206 489 300 554 Most.
315 488 353 563 V,
371 494 399 568 l,
415 491 466 552 21.
496 488 625 567 Persl,
645 494 675 567 3,
691 494 746 554 68:
769 495 979 554 Pracmoustra
1001 490 1098 562 docte,
1121 491 1262 564 praecipe
1285 494 1356 550 asca

205 585 347 662 66001.
371 605 399 652 c.
422 591 539 654 astute.
582 587 686 653 Plaut.
705 588 794 652 Pers.
805 581 852 666 ll,
876 594 904 664 2,
930 593 982 652 17:
1005 591 1081 648 Vols
1102 587 1258 655 summm.
1279 584 1308 672 h.
1325 603 1351 650 e.

205 701 351 765 propere.
383 684 477 750 Most.
501 684 544 764 Η,
571 690 598 761 l,
623 690 676 750 15:
699 689 752 749 Set
774 706 828 761 ego
852 703 953 748 sumne
975 685 1089 762 infelix,
1112 686 1162 760 qui
1184 702 1242 745 uou
1264 703 1353 746 curro

205 785 352 846 samm
373 785 510 846 domum?
552 782 611 862 ΙΠ,
635 790 664 863 3,
687 788 742 848 26:
778 785 933 847 Curriculo
959 785 1027 844 iubs
1055 785 1086 843 in
1113 784 1215 844 urbem
1243 784 1351 842 veniat.

205 879 297 960 spic.
320 879 347 960 Ι,
374 888 400 958 l,
425 886 477 948 12:
500 885 649 946 curriculo
671 885 794 958 occoepi
817 884 909 958 sequi.
953 879 1035 944 Rue.
1052 878 1112 958 111,
1135 885 1165 955 5,
1189 882 1245 943 2οε
1269 881 1352 940 Idunr

206 982 345 1041 Turbalio
360 982 517 1042 curriculo.
541 978 600 1056 111,
617 983 646 1058 6,
667 985 723 1044 17:
746 982 804 1042 Abi
820 997 891 1041 sane
907 981 945 1042 ad
961 983 1030 1040 litus
1046 980 1201 1040 sarriano.
1225 974 1351 1040 Terent.

205 1075 322 1142 Hmut.
344 1075 400 1156 lv,
422 1083 452 1156 4,
479 1082 531 1141 ll:
554 1079 701 1140 curriculo
722 1095 875 1154 percurre.
919 1076 1014 1141 Ennii
1034 1073 1071 1140 fr.
1094 1073 1295 1155 Agitstorine
1319 1079 1351 1136 2:

207 1177 299 1248 Quasi
319 1176 419 1236 dedito
438 1193 528 1250 opero
549 1194 625 1251 quae
647 1195 703 1252 ego
723 1179 804 1250 volo,
828 1194 865 1238 aa
886 1183 919 1238 tu
940 1177 1078 1247 nonnis,
1102 1193 1177 1250 quae
1197 1192 1252 1250 ego
1273 1177 1351 1247 nolo,

207 1287 243 1337 aa
265 1274 359 1347 cupis,
383 1270 422 1337 de
437 1288 500 1351 quo
515 1271 585 1336 loco
601 1270 778 1338 Charisius:
802 1275 920 1344 „dedito
941 1291 1031 1348 opero
1053 1270 1204 1337 declinari
1227 1271 1351 1350 quidem

204 1371 242 1432 ut
263 1386 375 1434 nomeu
398 1375 515 1449 potest,
539 1369 596 1436 sed
616 1374 723 1436 tamm
738 1371 801 1436 vim
817 1369 960 1435 adverbii
974 1368 1120 1434 retinet.“
1166 1367 1245 1433 Cato
1261 1368 1298 1432 R.
1314 1367 1352 1430 R.

204 1483 231 1530 c.
256 1472 291 1530 d:
326 1470 421 1534 Boves
450 1471 584 1531 mxima
610 1471 766 1544 6516000160
795 1480 915 1532 curatos
947 1471 1064 1530 habeto.
1110 1465 1214 1531 Plaut.
1238 1465 1352 1530 Pseud.

204 1563 259 1642 IV,
283 1570 311 1642 2,
335 1571 369 1630 4:
392 1566 554 1644 Ingredere
576 1571 608 1628 iu
630 1571 706 1630 viam
728 1569 803 1628 dolo.
834 1566 917 1632 Men.
934 1565 976 1644 ΙΙ,
995 1570 1021 1643 l,
1037 1571 1070 1630 3:
1094 1585 1151 1628 uon
1168 1566 1262 1626 dicam
1279 1565 1352 1627 dolo.

204 1659 308 1726 Plaut.
328 1663 394 1728 Mil.
409 1664 465 1743 lV,
482 1670 511 1742 6,
530 1669 569 1728 18
591 1669 639 1729 est
655 1683 722 1740 erpo
743 1664 826 1728 idem
843 1681 872 1743 q.
888 1681 1009 1743 revera,
1033 1667 1131 1740 certo,
1154 1659 1191 1724 cl.
1208 1660 1350 1724 Lindern.

204 1759 245 1824 ed
267 1759 292 1840 Ι,
319 1768 346 1837 1,
369 1766 428 1826 633
451 1767 535 1838 Erpa
556 1772 704 1824 mecastor
727 1765 831 1838 pulcer
854 1769 909 1824 est.
953 1760 1079 1825 Terent.
1098 1758 1195 1823 Andr.
1213 1759 1251 1839 V,
1272 1764 1301 1838 2,
1318 1764 1352 1824 9:

204 1860 323 1921 Mihin?
364 1858 412 1922 SI.
436 1863 502 1922 Tibi
522 1879 599 1936 erpo.
643 1859 748 1924 Plaut.
764 1858 849 1924 Men.
864 1877 893 1922 v.
911 1863 986 1922 981:
1009 1863 1114 1935 quue
1137 1861 1265 1932 eamrpdr
1290 1878 1352 1919 ser-

204 1958 266 2033 rio,
297 1963 382 2032 tergo
404 1960 436 2018 in
458 1975 522 2018 rem
544 1966 577 2020 ut
597 1959 713 2019 arbitro
736 1975 812 2018 esse.
856 1954 1022 2020 Pertinent
1043 1955 1105 2019 huo
1128 1955 1223 2019 etiam
1245 1958 1355 2029 poste

201 2057 239 2116 'et
264 2055 418 2128 meroliis,
451 2071 533 2134 quae
560 2053 733 2119 secundum
761 2060 967 2135 praecaptum
995 2052 1131 2118 Bentleii
1157 2053 1197 2117 ad
1225 2052 1353 2116 Terent.

203 2149 262 2214 Ad.
285 2149 341 2231 IV,
365 2157 393 2230 7,
417 2157 468 2231 26,
491 2151 561 2217 coll·
575 2150 704 2216 Bromio
726 2151 767 2216 ad
788 2149 903 2232 Nepot.
926 2171 956 2232 p.
975 2157 1027 2216 41.
1050 2151 1140 2232 Ling.
1163 2169 1193 2232 p.
1207 2156 1243 2214 51
1269 2149 1355 2230 apud

202 2245 351 2314 Plautum
373 2253 406 2314 et
422 2248 605 2314 Terentium
630 2266 755 2329 semper
777 2250 833 2330 sio,
855 2267 1016 2330 nunquam
1038 2265 1114 2313 vero
1135 2253 1232 2324 praete
1254 2255 1287 2314 et
1307 2252 1353 2310 in-

202 2349 298 2422 arato
316 2347 485 2412 scribenda
506 2351 589 2413 suut
632 2347 737 2412 Plaut.
759 2347 853 2413 Most
877 2347 902 2426 1,
928 2353 956 2427 3,
982 2352 1038 2412 19;
1071 2350 1174 2424 Neque
1202 2351 1300 2424 patiar
1322 2355 1353 2410 te

203 2449 301 2510 istanc
321 2448 431 2520 erodis
452 2449 600 2510 laudasse.
643 2444 786 2522 Persll,
810 2452 849 2526 4,
866 2451 914 2512 14.
937 2444 1051 2510 Bacch.
1074 2465 1102 2509 v.
1131 2451 1181 2508 15:
1205 2449 1250 2506 Ne
1273 2448 1350 2506 istac

203 2560 250 2606 me
272 2551 373 2604 aetate
395 2553 547 2606 sectarere
568 2546 685 2620 pretiis.
730 2543 816 2608 Asin.
842 2543 868 2624 Ι,
893 2549 920 2620 3,
944 2549 1003 2608 42;
1038 2548 1122 2606 Ηο60
1150 2545 1206 2604 tibi
1234 2553 1352 2605 noctem

204 2641 325 2704 honoris
349 2655 455 2704 caussa
476 2643 586 2717 praete
609 2646 686 2705 douo
709 2643 793 2706 dabo.
838 2641 925 2706 Asin.
952 2642 1031 2722 prol.
1060 2661 1090 2706 v.
1116 2647 1150 2706 5:
1183 2646 1246 2718 Age
1275 2659 1352 2701 nuuc

203 2741 317 2800 redde:
340 2757 413 2801 cave
433 2743 531 2818 modo,
554 2757 592 2802 ne
613 2743 732 2814 pratea.
770 2738 860 2820 Gapt.
883 2739 907 2817 Ι,
931 2744 960 2819 2,
985 2744 1038 2804 38;
1064 2742 1175 2815 Quoius
1197 2755 1352 2815 numquam

202 2837 312 2898 voltum
333 2840 524 2913 tranquillavi
544 2840 660 2912 proriis
690 2838 781 2918 Epic.
795 2837 855 2917 ΙΙΙ,
878 2845 908 2914 4,
930 2842 986 2902 42;
1009 2839 1083 2900 fides
1106 2871 1147 2882 —
1170 2840 1224 2898 tibi
1246 2837 1352 2899 addam

203 2932 279 2994 douo
300 2936 416 3006 croilis.
450 2933 578 3000 Terent.
601 2934 735 3015 Adelph.
759 2935 813 3015 lV,
837 2941 865 3011 l,
890 2939 945 2998 26:
974 2939 1113 3012 psaltria,
1142 2953 1282 3011 —quae
1310 2965 1353 2976 -

203 3031 310 3106 Aliquo
332 3033 498 3096 abiicienda
521 3042 581 3107 ast,
611 3036 636 3096 si
659 3051 717 3095 uon
739 3036 851 3110 pretio,
872 3036 988 3108 praees.
1032 3031 1136 3098 Plaut.
1160 3030 1230 3096 Cas.
1255 3031 1296 3111 ΙΙ,
1321 3035 1350 3110 5,

203 3131 236 3187 l:
267 3131 358 3194 Vobis
379 3132 480 3193 inritis
503 3138 592 3208 atquc
615 3134 766 3194 amborum
788 3135 935 3206 inpratiie.
980 3130 1079 3196 Mero.
1102 3130 1144 3207 II,
1168 3136 1197 3206 4,
1224 3136 1276 3194 ll:
1300 3133 1353 3190 Ni-

205 3229 297 3288 mium
316 3229 439 3288 multum
464 3231 533 3294 seis.
577 3227 646 3294 EU.
671 3231 760 3292 Tacts
781 3229 945 3305 caproneis.
980 3227 1115 3307 (lietu,
1139 3233 1168 3305 3,
1191 3232 1246 3294 82:
1268 3231 1354 3290 Nunc
1433 3299 1435 3306 ¹

205 3325 277 3384 milri
298 3325 393 3388 bonae
416 3337 602 3389 necessumst
623 3345 689 3388 csse
711 3329 860 3402 capraeis.
903 3327 970 3392 Mil.
994 3327 1037 3403 ΙΙ,
1061 3332 1090 3406 5,
1113 3330 1170 3390 402
1204 3329 1296 3388 Immo
1324 3327 1353 3384 vi

201 3428 290 3496 atqua
317 3424 440 3484 invitam
466 3426 620 3498 irrorante,
653 3428 718 3486 Nisi
744 3428 892 3488 coloniole
918 3430 991 3502 ibis,
1024 3429 1138 3502 rapiam
1170 3433 1200 3486 tc
1227 3425 1352 3484 domum.

203 3515 287 3582 Men.
310 3515 348 3595 V,
371 3523 401 3597 8,
424 3525 442 3584 5
464 3524 612 3596 capreriis.
657 3522 751 3586 Errnii
773 3522 996 3588 Andromacha
1016 3519 1234 3587 Aoohmalotis
1255 3517 1294 3584 fr.
1318 3523 1352 3582 3:

200 3617 316 3678 Bellum
343 3625 483 3692 gerentes
511 3637 653 3682 summum
680 3638 797 3682 acinano
822 3622 981 3684 iudaeam
1032 3618 1111 3684 Octo
1141 3618 1177 3680 R.
1201 3619 1237 3682 R.
1267 3633 1294 3682 c.
1319 3621 1353 3679 5:

200 3713 318 3777 iciam
340 3715 460 3778 domini.
504 3714 607 3779 Plaut.
623 3716 718 3781 Most.
734 3717 793 3796 111,
814 3722 844 3797 5,
866 3722 906 3783 20
927 3721 1030 3782 medo.
1076 3715 1155 3781 Cato
1171 3716 1207 3780 R.
1223 3713 1260 3778 R.
1276 3731 1302 3780 o.
1320 3718 1353 3778 3:

200 3813 233 3872 Si
255 3823 337 3876 rotas
364 3815 448 3875 uoles
470 3813 582 3887 lacera,
604 3817 718 3880 tardius
741 3819 896 3892 durentur,
920 3821 972 3880 sed
994 3817 1237 3885 manciadae.
1260 3809 1355 3886 Tmuii

199 3902 235 3972 ir.
266 3910 327 3975 inc.
351 3908 422 3983 libr.
446 3915 480 3974 'lt
504 3914 638 3974 Tibiciua
660 3917 789 3975 mammo
812 3917 911 3976 lobon
933 3919 1033 3992 mugit.
1059 3947 1097 3960 -
1120 3915 1230 3977 Maria
1252 3909 1355 3977 Plant-

199 4003 316 4072 Pseud.
340 4006 366 4087 1,
390 4013 419 4088 5,
441 4012 491 4073 61.
519 4007 659 4074 Peren.
684 4016 755 4075 254.
779 4015 850 4076 496.
874 4010 967 4077 Most.
983 4011 1037 4089 IV,
1059 4017 1089 4092 2,
1112 4016 1162 4076 65.
1185 4044 1228 4054 -
1249 4007 1354 4074 Plaut.
1408 4074 1413 4084 ,

200 4105 286 4172 Asin.
301 4105 361 4187 III,
379 4111 408 4188 3,
426 4113 465 4172 18
486 4110 622 4170 imperito
643 4127 714 4170 meo.
732 4141 774 4152 —
788 4107 981 4176 Perventum
998 4115 1048 4175 est
1062 4110 1103 4174 ad
1116 4127 1248 4178 commo,
1270 4105 1354 4190 quod

200 4201 332 4269 Rostius
361 4222 471 4273 comm.
499 4203 602 4270 Plaut.
631 4223 662 4286 p.
688 4210 855 4272 ist—199
886 4208 1032 4274 derivans
1060 4227 1242 4274 anomocus
1269 4205 1354 4272 idem
