3064 4754
483 264 571 304 CASUS
585 260 852 306 SUBSTANTWORUH.
867 282 891 292 -
906 261 1007 303 ΔΒΙιΑΤ.
1260 267 1321 326 ΠΒ

169 431 351 521 dgnihcere
378 435 507 503 volebat
532 442 629 522 etque
659 437 818 504 Graecum
848 435 955 517 ῥυθμῷ
984 441 1018 501 ot
1048 433 1224 502 secundum
1243 431 1323 498 hanc

166 531 430 617 significationem
452 553 507 600 sex
529 535 616 602 locos
639 535 828 614 Plautinos,
850 534 906 602 uhi
926 553 1048 597 macro
1070 531 1202 614 leffltur,
1226 530 1324 611 expli·

168 651 242 700 care
265 631 402 710 studuit,
434 632 490 698 sed
514 634 731 715 compluribus
753 636 785 700 in
816 633 895 702 locis
913 633 1083 700 admodum
1104 634 1250 698 contorte
1275 633 1325 694 est

168 729 347 812 explicatio.
392 730 489 796 Recte
511 730 710 814 hedewigius
731 732 764 796 in
786 733 888 798 diurn.
911 732 1029 814 antiqu.
1052 750 1079 796 a.
1105 735 1187 798 1344
1209 747 1238 810 p.
1262 731 1324 794 600

168 828 286 905 docuit,
310 827 457 892 omnihus
472 826 550 894 locis
565 849 687 894 numero
702 829 881 913 significare
897 830 1004 912 potius
1018 832 1146 892 mmm
1158 831 1216 892 nto
1236 834 1325 906 (quo

170 926 264 992 modo
290 925 387 990 etiam
410 923 526 990 Festus
548 945 578 1008 p.
605 933 665 992 170
687 928 735 996 ed.
760 929 904 994 Mueller.
932 927 1012 994 illud
1035 925 1203 1008 explicet),
1236 927 1326 988 nimia

172 1030 295 1086 metere.
339 1021 479 1088 Naevius
501 1023 613 1106 fragm.
637 1027 695 1092 inc.
712 1031 794 1109 trag.
812 1031 845 1092 9:
868 1031 1014 1090 nemiuem
1038 1027 1107 1102 vidi,
1131 1028 1323 1102 putamen

173 1127 277 1198 sciret,
303 1140 390 1198 quem
413 1142 471 1198 quo
494 1126 571 1186 scito
593 1135 690 1201 opust
735 1124 830 1190 Ennii
852 1124 1055 1190 Andromeda
1081 1121 1118 1188 fr.
1143 1127 1161 1188 0
1188 1137 1238 1202 ep.
1261 1121 1326 1186 No-

172 1221 258 1283 nium
282 1235 311 1299 p.
336 1223 408 1295 352,
433 1223 473 1284 23
497 1239 635 1289 ,mommo
658 1219 815 1304 significat
836 1227 921 1286 cito.u
965 1222 1068 1287 Pleut.
1092 1221 1174 1288 Men.
1197 1236 1226 1283 v.
1249 1221 1324 1284 237:

175 1320 378 1394 Menaechme,
400 1336 524 1381 numero
547 1323 603 1381 huc
626 1323 748 1383 advenis
772 1325 810 1385 ed
831 1325 998 1400 prandium.
1044 1319 1114 1386 Ces.
1135 1316 1194 1398 ΙΙΙ,
1219 1322 1247 1396 5,
1272 1321 1325 1380 25:

173 1418 301 1477 Nimium
323 1419 428 1478 saevis.
474 1414 533 1482 ST.
558 1420 690 1482 Numero
714 1423 805 1495 diois,
829 1420 913 1501 quod
936 1417 1075 1484 Weisius
1097 1421 1184 1482 recte
1205 1415 1250 1479 sic
1273 1432 1327 1478 ex·

173 1511 284 1593 plicat:
319 1512 469 1590 „nimium
493 1515 557 1580 cito
580 1516 658 1582 dicis
680 1535 732 1582 me
755 1517 886 1583 nimium
912 1515 1054 1594 saevire,
1085 1533 1158 1580 nam
1187 1511 1327 1578 nondum

173 1608 253 1674 eatis
276 1609 372 1674 saevii
396 1614 431 1674 et
452 1611 671 1680 vehementius
695 1615 794 1682 etiam
818 1615 999 1680 saeviturus
1022 1612 1124 1677 sum.“
1161 1610 1274 1690 Amph.
1297 1627 1325 1672 v.

181 1711 248 1771 180.
272 1706 337 1772 Mil.
362 1706 400 1787 V,
423 1707 457 1773 7:
487 1713 576 1772 Perii.
621 1711 685 1778 Pu.
709 1718 791 1778 Haut
813 1718 916 1777 etiam:
938 1733 1061 1776 numm
1083 1715 1140 1774 hoc
1163 1711 1252 1783 ulcis,
1273 1707 1327 1772 uui

175 1804 300 1869 Laden.
329 1805 423 1870 docet
451 1812 525 1886 post
552 1811 626 1872 taut
653 1815 743 1873 ctiam
771 1815 877 1876 mente
907 1810 1084 1877 addendum
1116 1823 1187 1872 essa
1211 1809 1327 1882 peristi.

174 1903 273 1968 Mero.
295 1903 351 1981 lV,
376 1909 405 1983 3,
429 1909 485 1970 37:
507 1925 629 1970 nomem
651 1912 781 1988 phrigas,
804 1910 845 1973 ad
868 1927 896 1989 q.
919 1908 940 1972 l.
964 1907 1151 1996 Salmasius:
1174 1903 1256 1983 „Qui
1280 1903 1327 1967 ni·

175 2001 321 2066 miscite
344 2019 378 2065 se
399 2021 540 2084 purgare
563 2012 733 2084 conantur,
765 2026 804 2073 eo
825 2007 895 2088 ipso
918 2025 953 2072 se
974 2005 1119 2070 videntur
1146 2001 1328 2068 accuser-ef*

179 2098 293 2164 Ceecil.
317 2099 397 2164 Stat.
428 2098 465 2164 fr.
490 2103 674 2169 Aethi-ionis
697 2109 730 2170 2:
763 2108 895 2168 Numero
916 2108 1007 2168 venit.
1052 2101 1182 2182 (Festus
1212 2117 1241 2180 p.
1270 2105 1327 2164 170

177 2199 219 2264 M.
242 2198 431 2278 „Panurgus
447 2200 603 2266 Antonius
618 2202 697 2268 haec
712 2203 771 2268 ait:
793 2223 917 2266 nummo
938 2201 1067 2264 nimium
1084 2198 1157 2278 cito,
1180 2197 1329 2263 celeriter

176 2296 306 2362 nirrrium
323 2329 364 2340 -
379 2329 420 2341 —
435 2297 630 2375 celeriter.“)
674 2300 779 2365 Plaut.
804 2299 918 2366 Pseud.
942 2298 1001 2376 ΙΙΙ,
1026 2303 1054 2376 2,
1080 2300 1153 2360 107:
1176 2315 1267 2372 opere
1286 2327 1329 2340 ·-

108 2461 114 2476 ,
176 2415 320 2457 maxumo.
365 2394 458 2458 Most.
482 2395 523 2473 Η,
551 2401 577 2474 l,
602 2401 641 2461 73
665 2415 725 2478 sq.:
759 2419 894 2462 maxumo
923 2403 1031 2474 Opere.
1076 2394 1171 2460 Most.
1198 2413 1226 2458 v,
1251 2399 1328 2460 752:

175 2497 258 2555 Tunc
280 2501 311 2554 te
335 2495 391 2556 hoc
420 2512 507 2555 orare
535 2497 621 2557 iussit
647 2515 732 2571 opere
761 2515 909 2560 mosomo.
954 2495 1048 2560 Most.
1070 2492 1112 2572 II,
1133 2495 1164 2572 2,
1187 2499 1242 2560 92:
1275 2511 1330 2554 cur

178 2598 259 2653 toute
283 2611 371 2666 opere
395 2594 596 2654 extimueras?
640 2592 767 2658 Terent.
784 2595 865 2658 Eun.
881 2593 941 2673 ΙΙΙ,
958 2599 987 2672 3,
1010 2597 1063 2657 06ε
1086 2595 1176 2655 Thais
1191 2611 1330 2655 seuuemo

176 2693 217 2750 Te
242 2692 349 2752 orabat
370 2709 465 2764 opere,
488 2701 520 2751 ut
543 2710 609 2752 cras
632 2694 756 2754 redires.
802 2690 905 2756 Pleut.
922 2691 1018 2755 Mero.
1033 2691 1072 2768 V,
1095 2697 1125 2765 4,
1149 2695 1181 2754 3:
1204 2691 1330 2766 eptem

177 2791 397 2862 opportunitate
427 2792 513 2850 ambo
540 2791 706 2853 atvenistis.
750 2788 853 2852 Plant.
881 2787 993 2868 Amph.
1017 2787 1058 2866 ΙΙ,
1091 2791 1119 2864 2,
1149 2791 1204 2851 27:
1239 2791 1329 2849 Gerte

178 2889 256 2944 euim
284 2904 329 2945 me
366 2889 410 2947 illi
440 2894 631 2962 expectatum
656 2891 753 2962 optato
781 2895 935 2950 venturum
964 2889 1035 2948 seio.
1079 2882 1207 2949 Terent.
1231 2884 1327 2949 Andr.

180 2979 239 3056 111,
265 2986 292 3060 3,
316 2987 349 3046 2:
374 2990 470 3059 optato
494 2987 625 3046 advenis.
650 2983 748 3049 Naev.
765 2985 838 3050 bell.
858 2984 935 3049 Puu.
959 2982 1012 3048 lib.
1029 2982 1054 3061 Ι,
1076 2983 1114 3044 ir.
1133 2986 1166 3044 2:
1190 3001 1276 3045 sacra
1298 2987 1328 3044 in

163 3097 283 3158 mensa
304 3082 457 3142 Penatium
486 3084 591 3143 ordine
618 3093 776 3159 ponuntur.
822 3081 925 3147 Plaut.
951 3081 1067 3144 Pseud.
1100 3084 1195 3142 1312:
1228 3083 1331 3141 ordine

179 3176 262 3254 [ego]
279 3183 350 3241 scio.
380 3176 463 3241 Men.
476 3177 531 3257 lv,
549 3183 577 3258 3,
594 3185 627 3243 5:
649 3199 725 3243 uxor
745 3184 869 3243 rescivit
891 3199 953 3242 rem
976 3196 1101 3250 ornnem,
1124 3186 1157 3240 ut
1179 3179 1329 3252 factumst,

178 3277 289 3336 ordine.
334 3275 427 3340 Most.
448 3275 507 3352 ΙΙΙ,
535 3281 562 3355 Ι,
586 3282 635 3342 05.
658 3277 747 3344 Pers.
763 3279 788 3355 Ι,
805 3283 841 3358 3,
868 3283 920 3343 ll:
943 3281 985 3342 Ut
1006 3277 1110 3338 ordine
1131 3295 1246 3338 omnem
1267 3294 1330 3337 rem

178 3380 271 3434 tenet.
316 3374 425 3434 &dirce
449 3371 568 3455 legitur
597 3374 692 3438 etiem
724 3374 837 3441 Pseud.
860 3374 902 3453 II,
926 3382 955 3454 3,
981 3378 1019 3438 10
1042 3379 1075 3438 et
1096 3372 1138 3448 ΙΙ,
1161 3379 1191 3452 4,
1216 3378 1265 3437 ΙΙ.
1288 3405 1331 3418 -·-

180 3469 277 3534 Naev.
302 3469 707 3551 hell.Pun.l.I,lr.14:
742 3493 799 3548 quo
821 3480 917 3550 pecto.
964 3469 1246 3553 Lycurg.fr.11:
1281 3473 1330 3533 dic

177 3589 236 3643 quo
256 3573 343 3644 poeto
368 3587 434 3631 eum
456 3572 545 3647 potiti
568 3573 643 3632 sitis.
687 3569 766 3635 Ceto
788 3569 825 3634 R.
848 3570 885 3634 R.
915 3588 940 3635 c.
967 3576 997 3634 l:
1032 3572 1130 3632 Vicini
1159 3587 1216 3644 quo
1240 3573 1328 3644 poeto

181 3669 306 3730 niteant.
351 3668 431 3732 Eun.
454 3666 586 3732 Achillis
606 3665 645 3733 fr.
668 3671 702 3732 8:
725 3672 829 3745 Neque
853 3672 972 3746 sanguis
994 3671 1156 3744 usurpetis
1179 3675 1227 3730 est
1242 3671 1331 3742 pacto

180 3765 332 3840 profluens
355 3769 533 3828 consistere.
575 3763 678 3830 Plant.
701 3765 815 3832 Pseud.
839 3765 864 3845 1,
889 3772 917 3842 3,
942 3772 975 3830 7:
1006 3769 1139 3844 neonem
1156 3770 1244 3840 peno
1267 3767 1330 3824 ani·

182 3883 260 3924 mum
280 3868 401 3927 sincere
422 3865 555 3941 possim?
576 3862 603 3942 Ι,
622 3869 648 3942 Ι,
665 3868 721 3929 81:
743 3867 874 3926 Istocine
884 3869 973 3939 pacm
987 3882 1035 3925 me
1050 3863 1192 3924 adiuves?
1214 3859 1329 3924 Pseud.

178 3977 209 4024 v.
233 3965 288 4026 34:
317 3963 457 4024 Proiecto
484 3964 567 4024 eollo
591 3967 680 4037 puoto
701 3979 821 4039 possum
847 3965 960 4036 vivere,
991 3963 1023 4022 Si
1046 3963 1120 4024 cett.
1146 3957 1172 4037 Ι,
1198 3963 1225 4035 l,
1253 3960 1330 4020 108:

180 4061 304 4121 Scis-
324 4063 388 4138 Quo
405 4066 492 4136 puoto
514 4069 545 4122 et
566 4065 692 4136 omnies
712 4064 823 4122 soleam
847 4062 991 4122 turbellas
1015 4058 1095 4119 dare.
1132 4055 1157 4133 I,
1180 4060 1209 4133 3,
1235 4058 1274 4119 38
1297 4060 1331 4120 et

180 4173 211 4222 u.
239 4159 334 4222 1239:
357 4161 416 4220 alio
438 4166 536 4234 panto.
580 4157 606 4233 1,
628 4163 658 4235 4,
686 4162 741 4221 15:
769 4175 826 4234 quo
841 4165 940 4234 pacto.
983 4153 1099 4219 Pseud.
1124 4171 1150 4218 u.
1170 4157 1244 4217 567:
1267 4156 1331 4230 Qec

181 4257 214 4317 id
236 4257 290 4318 sim
313 4256 448 4319 imturus
464 4261 562 4331 poeto,
585 4258 626 4317 nil
649 4258 738 4317 etiam
762 4257 834 4316 scio.
879 4253 922 4333 11,
945 4258 976 4332 4,
1000 4255 1056 4315 θῦε
1086 4271 1143 4328 quo
1170 4283 1206 4295 —
1231 4261 1330 4326 pacto.
