3040 4758
223 293 265 346 VI
715 289 887 331 PRAEFATIO.

226 442 356 508 Catonis
379 443 460 508 libro
483 445 580 510 dere
603 446 724 511 rustica
746 445 930 513 Schneideri
951 447 1102 529 editione,
1133 448 1165 513 in
1187 449 1376 532 fragmentis

228 559 335 618 autem
360 553 428 618 eius
450 563 580 635 praeter
602 555 766 636 Meyerum
789 557 878 623 libris
900 559 1000 636 Lioni,
1024 559 1178 624 Bolbuisii
1197 561 1376 626 recentissi-

223 664 331 745 mique
361 683 470 729 eorum
493 665 624 730 editoris
646 666 783 746 Iordani,
808 668 839 732 in
862 669 1070 749 scriptoribus
1093 669 1226 736 scenicis
1247 676 1377 750 praeter

221 774 370 839 Plautum
399 779 432 839 et
459 775 643 841 Terentium
674 777 861 858 fragmentis
890 797 998 843 eorum
1027 777 1221 845 aVahlenio
1245 785 1278 845 et
1298 780 1376 845 Rib-

220 885 336 951 beckio
359 885 508 965 collectis,
532 886 564 950 in
579 886 729 952 Terentio
744 888 917 968 exemplari
930 889 1200 970 Fleckeiseniano,
1223 889 1256 954 in
1269 888 1375 954 verbis

222 996 339 1060 Donati
373 994 540 1061 afferendis
569 995 706 1060 editione
735 995 866 1076 Klotzii,
896 998 928 1061 in
949 997 1064 1064 Plauto
1095 999 1285 1065 editionibus
1306 999 1376 1064 Rit-

220 1103 332 1169 schelii
370 1112 403 1170 et
435 1104 641 1171 Fleckeiseni.
685 1105 723 1169 In
759 1125 867 1170 earum
901 1113 1007 1172 autem
1044 1109 1151 1174 Plauti
1187 1107 1375 1189 fabularum,

223 1231 304 1293 quae
325 1214 365 1279 ab
386 1213 435 1280 his
454 1215 532 1279 viris
547 1234 610 1280 non
626 1221 700 1282 sunt
715 1217 826 1288 editae,
849 1217 926 1284 locis
942 1219 1169 1284 constituendis
1192 1217 1374 1300 confugien-

219 1323 297 1386 dum
328 1328 398 1389 erat
433 1325 472 1388 ad
501 1324 677 1390 Personam
706 1328 874 1392 secundam
902 1329 1032 1409 eiusque
1061 1328 1314 1409 supplementum
1343 1327 1376 1392 in

220 1432 296 1498 crisi
322 1431 484 1515 Plautina,
520 1434 810 1502 Taubmannionam
841 1455 878 1503 ex
905 1438 1120 1520 recognitione
1149 1438 1287 1503 Gruteri.
1337 1437 1375 1501 In

219 1544 353 1609 metrica
374 1547 499 1612 ratione
520 1546 634 1611 harum
656 1547 782 1627 quidem
805 1547 984 1614 fabularum
1000 1550 1220 1614 constituenda
1234 1547 1373 1628 plerum·

221 1671 286 1732 oue
309 1655 459 1720 Bothium
482 1659 612 1722 secutus
628 1675 708 1736 sum,
732 1663 842 1737 utpote
859 1660 925 1739 qui,
948 1679 1018 1725 cum
1034 1659 1073 1724 ab
1090 1660 1157 1724 eins
1172 1657 1372 1739 asynartetis,

219 1764 360 1844 quinon
383 1769 457 1830 sunt
479 1765 643 1846 tolerandi,
668 1767 863 1847 discesseris,
887 1771 985 1834 verba
1007 1769 1155 1835 Plautina
1177 1769 1217 1832 ad
1240 1769 1373 1833 severis·

222 1875 302 1940 sima
323 1880 496 1957 praecepta
517 1877 686 1957 prosodiae
709 1878 749 1944 ab
771 1879 955 1944 Hermanno
977 1879 1135 1960 proiecta,
1159 1900 1178 1944 a
1197 1877 1372 1942 Ricschelio

217 1985 352 2066 aliisque
389 1985 565 2068 approbata
597 1989 698 2072 magis
730 2007 823 2069 quarn
864 1991 1028 2070 quisquam
1059 1990 1139 2056 alius
1168 1985 1311 2069 exegerit
1341 1987 1374 2050 et

219 2097 428 2162 constituerit.
474 2097 691 2164 Subsidiorum
716 2099 898 2164 criticorum
920 2099 952 2163 in
966 2097 1079 2163 Plauto
1101 2099 1212 2164 iisdem
1235 2096 1324 2178 siglis
1340 2099 1374 2160 et

216 2207 410 2287 compendiis
442 2208 601 2273 scribendi
628 2227 706 2273 usus
729 2227 814 2288 sum,
847 2225 928 2290 quae
946 2210 1082 2290 primum
1105 2229 1124 2274 a
1145 2206 1319 2273 Ritschelio
1341 2205 1374 2270 in

217 2315 321 2397 prima
348 2319 485 2383 editione
507 2318 717 2398 Bacchidem,
754 2319 866 2384 deinde
895 2337 971 2384 vero
996 2314 1090 2384 etiarn
1113 2339 1132 2384 a
1154 2319 1373 2400 Kampm'anno

215 2433 251 2492 et
271 2427 478 2493 Fleckeiseno
507 2429 541 2493 in
570 2430 847 2496 exercitationibus
870 2429 1026 2495 Plautinis
1052 2435 1208 2506 usurpata
1230 2430 1314 2508 sunt,
1337 2427 1375 2492 ut

217 2543 266 2620 Ap
289 2545 321 2604 et
344 2543 393 2620 Ag
415 2537 571 2620 significet
592 2545 733 2604 veterem
756 2539 895 2616 codicem
916 2540 1096 2605 Palatinum
1118 2540 1256 2605 testibus
1270 2538 1373 2603 Pareo

216 2655 251 2714 et
273 2648 423 2729 Grutero,
451 2649 501 2731 (dp
524 2655 640 2729 autem,
668 2649 727 2733 eg,
755 2651 796 2718 &s
819 2651 957 2717 codicem
976 2649 1155 2717 Palatinum
1172 2649 1372 2715 decurtatum

216 2759 354 2825 testibus
377 2761 490 2842 Pareo,
514 2761 663 2842 Grutero,
686 2762 888 2828 Schneidero.
923 2763 1117 2841 Fragmenta
1131 2759 1238 2824 Plauti
1261 2777 1372 2823 secun·

217 2869 293 2934 dum
337 2873 471 2952 paginas
515 2872 660 2938 editionis
698 2874 857 2939 Gronovio
873 2907 886 2920 ·
903 2871 1128 2950 Ernestianae,
1171 2867 1371 2935 collationem

218 2979 359 3045 locorum
381 2981 600 3046 Plautinorum
626 2983 666 3047 ad
695 2984 762 3048 cod.
806 2980 1049 3046 Ambrosianum
1078 2982 1117 3045 ab
1141 2979 1263 3062 Angelo
1286 2977 1371 3043 Maio

214 3090 394 3155 institutam
419 3093 593 3156 secundum
623 3091 792 3156 editionem
815 3089 1108 3169 Tauchnitzianam,
1139 3095 1262 3154 ceteros
1284 3089 1370 3155 locos

216 3199 394 3275 Plautinos,
431 3205 527 3280 prout
563 3201 760 3266 commodum
796 3199 870 3279 fnit,
908 3206 964 3265 aut
994 3200 1167 3265 secundum
1190 3201 1370 3264 continuam

215 3299 355 3384 totarum
378 3309 558 3375 fabularum
579 3311 612 3374 in
635 3327 746 3375 versus
768 3311 1020 3392 descriptionem,
1044 3329 1125 3392 quae
1147 3311 1242 3375 estin
1259 3310 1370 3374 editio·

216 3419 310 3486 nibus
333 3421 495 3486 Ritscbelii
523 3407 556 3486 et
573 3403 788 3502 'Fleckeisenb
818 3428 875 3488 ant
897 3421 1067 3486 seeundum
1090 3425 1232 3485 veterem
1255 3423 1287 3485 et
1309 3418 1370 3486 usu

216 3537 377 3612 receptam
400 3531 655 3597 distributionem
677 3533 709 3596 in
731 3540 831 3612 actus,
855 3549 976 3612 scenas,
1000 3548 1121 3610 versus
1145 3548 1226 3610 quae
1243 3531 1370 3610 quidem

217 3645 307 3707 extat
328 3643 361 3707 ln
385 3643 524 3708 editione
541 3642 700 3707 Gronovio
717 3679 728 3691 -
744 3642 942 3722 Ernestiana,
963 3641 1065 3707 attuli.
1102 3641 1271 3721 Nonnulla,
1289 3659 1369 3721 quae

215 3751 363 3817 feruntur
377 3751 561 3817 vetustioris
576 3752 667 3816 latini
679 3755 835 3818 sermonis
847 3759 1058 3830 monumenta,
1075 3753 1114 3818 ab
1127 3752 1368 3833 investigatione

218 3881 290 3928 mea
313 3861 441 3942 seclusi,
476 3863 520 3927 sic
542 3861 721 3943 fragmenta
743 3865 821 3928 iuris
843 3861 1005 3944 Papiriani
1027 3861 1176 3945 (quorum
1199 3862 1368 3926 maximum

215 3980 378 4038 servotum
401 3979 449 4037 est
470 3991 490 4036 a
512 3969 672 4038 Macrobio
689 3973 814 4038 Saturn.
838 3973 901 4052 ΙΙΙ,
928 3977 990 4054 ll),
1013 3991 1105 4040 sacra
1121 3974 1239 4053 Argea,
1256 3971 1367 4037 Marcii

217 4063 300 4149 vatis
324 4083 477 4154 carmina,
515 4083 663 4164 quoniam
685 4101 748 4147 non
772 4082 945 4160 celeuma,
982 4101 1044 4163 qua
1066 4083 1186 4163 scripta
1210 4087 1297 4159 sunt,
1328 4082 1368 4147 ad

216 4199 354 4259 aetatem
376 4198 517 4259 nostram
539 4199 762 4274 pervenerunt,
784 4197 961 4273 praeterea,
984 4194 1069 4273 quod
1092 4191 1132 4257 ad
1155 4211 1246 4258 sacra
1262 4196 1368 4274 Argea

216 4287 346 4387 attinet,
376 4321 416 4370 ne
443 4305 484 4370 de
508 4309 652 4386 tempore
678 4303 806 4384 quidem
833 4301 910 4368 satis
940 4303 1022 4368 certi·
1041 4299 1210 4384 quidquam
1234 4305 1366 4370 constat:
