3040 4758
530 277 620 318 NO'HO
641 279 909 320 sultsrsnrwomin.
1264 287 1301 344 13

137 449 256 530 Amph.
287 448 315 530 1,
345 454 379 527 3,
410 454 467 514 23:
504 453 651 528 Nequiter
677 471 772 528 paene
802 455 952 529 expedivit
984 454 1081 528 prima
1110 453 1300 527 pwosttctio.

137 547 225 611 Trin.
239 546 297 627 IV,
319 552 346 626 3,
371 550 403 610 5:
428 549 460 608 Si
481 551 580 612 eberis
603 552 640 612 sb
666 553 710 610 eri
731 553 907 624 quaestione.
952 549 1079 614 Terent.
1096 547 1232 628 Adelph.
1247 547 1304 627 IV,

139 649 171 724 2,
201 650 260 708 41:
302 646 378 706 sane
408 645 464 706 hac
491 651 584 708 multo
609 650 733 725 propius
761 651 817 709 ibis
841 655 870 708 et
893 650 989 709 minor
1017 655 1063 708 est
1091 646 1231 721 errrotio)
1258 645 1305 710 ite

139 746 258 821 tamen,
282 746 320 805 ut
342 759 414 806 cum
437 742 535 806 verbo
550 761 610 805 osse
631 744 833 808 coniunctum
855 743 1009 808 modoad
1032 741 1188 822 infinitivi,
1210 742 1304 806 modo

141 839 181 902 ad
204 838 393 902 nominativi
415 839 564 920 gerundii
587 839 653 904 sive
669 840 846 922 gerundivi,
869 844 906 904 ut
920 840 981 919 hic,
1003 841 1228 905 necessitatem
1252 856 1305 903 ex·

140 936 293 1015 primens,
316 935 477 1000 notionem
497 935 629 1016 propius
645 937 785 1016 accedat,
807 939 900 1002 modo
916 938 1055 1002 medium
1070 937 1175 1003 locum
1195 939 1305 1000 teneat

141 1033 227 1096 inter
249 1029 399 1097 infinitivi
425 1037 459 1097 et
487 1033 646 1115 participii
672 1033 750 1113 perf.
774 1051 857 1115 pass.
885 1040 1052 1112 naturam,
1085 1034 1179 1100 modo
1205 1034 1304 1097 verbo

142 1127 234 1194 finito
257 1129 359 1194 simile
382 1129 437 1208 sit,
466 1134 503 1194 ut
524 1128 618 1195 docet
640 1130 831 1196 Luebkerus
854 1132 893 1195 de
917 1151 977 1196 usu
1004 1131 1057 1196 ini.
1080 1131 1185 1196 Plaut.
1209 1148 1238 1210 p.
1266 1135 1304 1195 13

145 1228 197 1302 (de
220 1226 403 1291 discrimine
426 1230 548 1306 tamen,
572 1227 656 1308 quod
681 1227 853 1292 intercedit
879 1229 963 1293 iuter
991 1229 1091 1293 subst.
1115 1227 1244 1292 verbale
1272 1232 1306 1291 et

143 1325 278 1390 verbum
299 1322 441 1404 finitum,
476 1323 548 1388 vide
576 1329 670 1390 acute
698 1325 906 1390 disserentem
929 1325 1084 1390 Haasium
1113 1324 1154 1389 ad
1184 1323 1303 1404 Reisig.

144 1421 243 1488 schol.
273 1440 405 1503 gramm.
428 1420 483 1485 lat.
505 1439 537 1501 p.
562 1427 623 1487 168
646 1421 752 1486 adnot.
770 1424 852 1499 593).
899 1423 948 1487 De
971 1441 1034 1502 qua
1055 1441 1091 1486 re
1114 1423 1186 1486 vide
1209 1422 1305 1486 etiam

144 1518 294 1584 Ruddim.
310 1517 353 1597 Π,
375 1537 406 1599 p.
427 1524 486 1583 117
509 1519 616 1584 adnot.
633 1525 662 1584 4.
686 1538 717 1600 p.
731 1524 793 1583 243
808 1521 915 1584 adnot.
932 1523 982 1583 48.
1006 1537 1037 1598 p.
1052 1523 1122 1583 373.
1150 1517 1306 1597 Exempla

143 1617 225 1682 haec
247 1618 332 1682 suut.
375 1615 518 1705 Primum
542 1616 605 1680 duo
627 1633 711 1694 quae
734 1617 843 1681 attulit
863 1616 1053 1680 Luebkerus
1081 1615 1101 1678 l.
1132 1615 1167 1681 l.:
1200 1614 1305 1679 Plaut.

144 1716 242 1778 Poen.
259 1714 298 1793 V,
323 1718 351 1792 2,
377 1718 451 1778 136:
476 1718 586 1776 acerba
600 1718 747 1776 amatiost.
793 1713 875 1778 Rud.
890 1713 946 1792 IV,
970 1720 998 1792 5,
1024 1718 1077 1777 14:
1099 1717 1193 1776 Nimis
1209 1731 1305 1791 paene

144 1815 247 1887 inepto
272 1819 361 1887 atque
390 1813 492 1874 odiosa
517 1815 580 1874 eius
610 1814 756 1874 umottosl.
801 1811 890 1876 Pers.
910 1809 965 1889 IV,
992 1816 1027 1890 4,
1052 1815 1105 1874 37:
1143 1819 1196 1872 tus
1224 1830 1307 1872 merx

146 1919 207 1972 est:
232 1915 286 1970 too
305 1911 483 1971 indication.
527 1907 624 1972 Poen.
640 1908 666 1987 I,
688 1914 717 1989 3,
741 1913 796 1974 36:
819 1927 897 1970 nuuc
920 1911 992 1969 mihi
1014 1911 1146 1970 coatiost.
1190 1906 1306 1971 Pseud.

145 2007 179 2087 I,
203 2012 241 2083 2,
274 2011 330 2069 37:
365 2011 529 2069 cruminam
551 2025 588 2067 ne
612 2010 767 2083 quisquam
793 2008 956 2082 pertundet
982 2008 1125 2066 coolta'ost.
1171 2003 1241 2069 Cas.
1264 2003 1307 2084 II,

149 2109 177 2180 3,
201 2108 260 2168 43:
283 2107 334 2165 Me
356 2108 437 2167 siuas
460 2123 565 2166 curere
590 2107 724 2178 ancillas,
749 2122 824 2180 quae
845 2109 938 2164 meost
958 2107 1082 2165 coratio.
1119 2101 1234 2167 Bacch.
1250 2101 1307 2181 IV,

149 2205 177 2279 2,
205 2207 259 2265 15:
282 2204 355 2263 mihi
378 2203 520 2263 cocitiost.
563 2200 660 2265 Poen.
676 2199 702 2279 I,
726 2205 755 2280 2,
781 2205 851 2263 141.
896 2199 962 2263 Mil.
977 2203 1006 2278 6,
1030 2205 1084 2263 64:
1109 2202 1175 2262 vide
1198 2219 1235 2261 ne
1251 2202 1309 2262 stes

148 2303 194 2364 illi
216 2300 438 2374 exspectatam,
467 2297 498 2361 h.
523 2315 549 2362 e.
573 2315 613 2362 ue
636 2296 868 2377 exspectandus
894 2296 953 2376 sie,
987 2296 1069 2375 sive,
1103 2301 1140 2361 ut
1165 2296 1307 2361 Lindem.

149 2395 246 2476 expl:
269 2413 310 2459 ue
333 2400 365 2459 te
390 2395 571 2476 exspectari
592 2394 736 2475 patiaris.
780 2393 868 2459 Pers.
892 2394 917 2474 I,
942 2397 970 2474 l,
995 2399 1051 2458 52:
1082 2413 1153 2456 cave
1176 2394 1247 2468 foas
1268 2395 1309 2453 mi

148 2496 183 2554 to
204 2496 382 2568 quaestione.
416 2491 492 2557 Cist.
506 2493 550 2571 II,
575 2498 603 2569 3,
626 2497 683 2557 49:
707 2495 752 2554 Ne
775 2494 809 2552 io
831 2495 1000 2566 quonaone
1022 2495 1094 2553 mihi
1117 2495 1163 2553 sit.
1194 2488 1308 2555 Pseud.

149 2589 191 2670 11,
215 2595 245 2669 2,
270 2593 327 2654 68:
364 2609 402 2651 ne
432 2593 465 2650 to
492 2593 660 2665 0000011000
681 2592 731 2651 sis.
776 2587 857 2652 Vide
885 2588 1031 2668 Kampm.
1060 2589 1100 2652 de
1128 2591 1171 2650 IN
1199 2605 1309 2667 praep.

150 2705 211 2752 usu
233 2685 337 2750 Plaut.
360 2705 390 2767 p.
417 2692 455 2751 19
478 2705 524 2750 nr.
550 2691 577 2751 9.
622 2687 671 2750 Ex
701 2686 850 2750 Terentio
872 2683 967 2749 affert
989 2685 1137 2750 Ruddim.
1165 2683 1186 2748 l.
1210 2683 1230 2747 l.
1254 2682 1308 2762 (11,

150 2803 180 2866 p.
198 2789 272 2862 243,
295 2784 402 2848 adnot.
418 2787 471 2857 48)
494 2783 574 2847 haec
596 2784 659 2847 duo
682 2783 842 2862 exempla:
866 2781 965 2845 Andr.
981 2781 1024 2860 ΙΙ,
1046 2787 1074 2861 3,
1099 2785 1156 2845 260
1180 2785 1310 2842 Puerum

151 2891 251 2944 autem
273 2901 310 2944 ue
333 2885 479 2945 resciscet
501 2884 574 2942 mihi
596 2901 662 2944 esse
685 2901 723 2942 ex
742 2884 797 2942 ille
819 2882 956 2950 00011001,
986 2885 1019 2943 01
1041 2877 1175 2959 Adelph.
1200 2877 1256 2954 III,
1280 2883 1311 2959 3,

153 2984 207 3044 67:
246 2984 274 3042 ei
297 2979 425 3059 (pisces)
448 2982 579 3040 mihine
604 2986 833 3056 corrumpentur
862 2981 993 3040 cmcttost.
1037 2977 1129 3041 Adde
1153 2976 1231 3041 Hec.
1254 2975 1311 3055 IV,

152 3083 183 3155 4,
207 3081 248 3141 28
273 3095 325 3158 ap.
348 3075 474 3141 Ruhnk.
498 3076 618 3140 dictata
640 3075 673 3138 in
696 3075 767 3139 Ter.
791 3073 891 3139 Audr.
914 3074 934 3138 l.
957 3073 976 3138 l.
1000 3091 1029 3155 p.
1054 3079 1110 3138 48:
1142 3077 1234 3136 Nulla
1255 3075 1311 3133 tibi

155 3207 191 3218 —
223 3177 273 3237 hie
299 3179 358 3237 iam
386 3176 589 3237 coosoltottost
615 3179 649 3237 et
678 3171 787 3238 confer
808 3173 953 3238 Perizon.
976 3173 1025 3236 ad.
1041 3170 1146 3237 Sauct.
1176 3170 1310 3234 Minerv.

153 3290 184 3351 p.
212 3274 282 3335 146.
327 3271 432 3335 Pluut.
448 3271 530 3335 Rud.
547 3271 585 3350 V,
610 3276 639 3350 3,
664 3276 716 3335 15:
740 3291 816 3348 quse
839 3275 914 3334 haec
936 3271 1078 3332 fectiost?
1101 3267 1186 3349 quod
1207 3285 1313 3332 exem-

153 3367 241 3448 plum
263 3367 453 3433 Luebkerus
475 3367 495 3432 l.
519 3368 539 3431 l.
563 3365 657 3432 affert
677 3367 757 3446 tale,
788 3369 905 3446 inquo
934 3368 1035 3432 subst.
1057 3365 1197 3431 verbalis
1224 3364 1312 3429 notio

153 3465 238 3529 iuter
257 3463 447 3530 infinitivum
470 3469 503 3528 et
516 3469 599 3545 part.
615 3463 693 3545 peri.
709 3482 792 3545 pass.
809 3463 913 3527 locum
930 3464 1022 3542 quasi
1036 3463 1173 3528 medium
1194 3465 1312 3528 teneat.

154 3562 271 3627 Bacch.
294 3562 349 3641 IV,
373 3566 402 3640 8,
426 3567 461 3626 2;
486 3581 561 3638 quae
584 3565 659 3624 haec
681 3563 825 3624 iactioet?
858 3560 970 3641 Amph.
984 3560 1010 3642 Ι,
1034 3567 1063 3641 3,
1087 3567 1142 3625 21:
1166 3562 1236 3637 quid
1258 3560 1314 3621 tibi

154 3672 267 3722 —est
290 3693 328 3702 -
352 3663 503 3722 eoram?
547 3659 662 3725 Bacch.
685 3665 721 3740 4,
745 3664 779 3738 2,
812 3663 842 3722 1:
881 3679 956 3736 quoe
979 3663 1074 3722 istaec
1097 3668 1143 3721 est
1162 3655 1314 3734 pulsatio?

158 3756 248 3838 Ceph
271 3756 326 3836 IV,
348 3761 379 3837 2,
404 3761 460 3824 19:
486 3761 568 3833 Quae
591 3762 680 3820 illaec
703 3766 749 3820 est
771 3757 915 3819 minatio?
952 3755 1049 3821 Stich.
1073 3775 1101 3821 v.
1126 3758 1201 3821 283:
1231 3757 1313 3829 Quse

157 3858 269 3917 misera
289 3858 320 3915 iu
340 3859 564 3932 exspectatione
586 3859 745 3932 Epignomi
767 3856 913 3917 aduentus
935 3857 1029 3918 viriet.

240 3951 330 4016 Haec
366 3952 567 4017 substantiva
591 3951 692 4032 igitur
712 3949 870 4031 verbalia,
904 3953 941 4014 ut
966 3952 1030 4015 iam
1053 3950 1203 4028 diximus,
1236 3948 1315 4012 item

158 4048 345 4130 saepissime
365 4049 600 4130 coniunguntur
623 4066 694 4113 cum
716 4046 868 4112 adverbio
892 4046 1002 4128 (loci),
1029 4048 1106 4112 item
1129 4065 1200 4111 cum
1223 4063 1316 4125 prae·

154 4145 315 4226 positione
338 4150 372 4211 et
393 4146 475 4214 hanc
505 4149 660 4225 sequente
687 4143 903 4224 substantivo,
936 4143 995 4208 sed
1022 4145 1118 4208 etiam
1147 4161 1220 4208 cum
1248 4141 1315 4206 solo

156 4245 360 4314 substantivo
381 4246 415 4311 in
436 4261 474 4310 eo
496 4261 573 4310 casu
595 4240 709 4323 posito,
732 4240 788 4321 qui
802 4241 893 4321 sequi
913 4240 997 4306 solet
1014 4241 1123 4322 verbs,
1146 4239 1230 4304 unde
1252 4238 1317 4301 ista
