3004 4764
248 281 313 350 390
694 275 824 317 necron.
839 273 961 320 camur.

257 455 333 520 cant
360 453 394 516 et
427 450 466 515 de
488 445 549 514 hoc
570 447 640 528 ipso
663 453 820 528 quaerant
839 453 947 516 utrum
969 449 1013 516 sit
1039 449 1090 515 uel
1110 449 1195 515 iacta
1220 451 1272 514 sit
1300 469 1344 514 an
1365 467 1428 514 non.

259 549 413 632 Incipiam
443 546 484 612 eb
512 545 575 612 illia
595 546 755 628 prioribus
777 552 812 614 et
839 547 984 628 exempla
1009 548 1050 614 ad
1077 563 1188 614 corum
1225 565 1335 614 usum
1364 566 1429 629 epe

260 647 381 714 ciantia
410 643 580 728 proferam.
623 642 727 710 Piaut
748 644 842 710 Truc·
863 645 919 726 IV,
943 651 973 728 3,
996 651 1051 712 27:
1073 648 1162 726 Quot,
1183 651 1320 722 malum,
1344 648 1428 708 eracl

260 763 291 812 v.
317 749 372 810 30:
397 745 494 821 Quoi?
536 740 633 806 Poen.
656 741 694 821 V,
716 746 746 822 2,
770 745 810 808 36
833 748 867 808 et
887 747 947 808 43:
975 745 1055 824 Quid
1075 745 1136 806 ait?
1179 762 1207 808 v.
1239 748 1328 808 127:
1357 744 1429 822 Quid

246 844 380 908 dcet?
422 846 454 920 4,
477 843 531 904 25:
562 842 642 918 Quid
663 847 724 918 est,
759 844 817 904 mci
839 839 942 904 fratris
969 843 1082 919 gnate?
1114 843 1187 918 qaid
1206 846 1281 919 vis,
1314 843 1426 919 expedi.

250 958 280 1007 v.
304 946 359 1007 2⁷:
392 939 560 1020 palaest?
602 957 632 1002 v.
655 942 710 1004 29:
742 943 826 1018 ocae
852 941 922 1002 rea?
964 938 1002 1018 V,
1025 945 1055 1019 4,
1084 943 1141 1004 67:
1174 942 1255 1016 quid
1290 943 1350 1002 1101
1378 957 1425 999 nos

253 1039 402 1102 iacimus?
444 1055 474 1101 v.
498 1039 553 1100 92:
584 1038 657 1114 Quis
677 1056 724 1098 me
747 1043 945 1116 amplectetur
966 1039 1092 1116 postea?
1134 1056 1163 1102 v.
1191 1043 1277 1103 100:
1314 1039 1424 1116 001110

252 1139 391 1200 nuncin
420 1143 503 1198 terra
531 1137 636 1196 melius
664 1137 733 1197 est?
775 1155 804 1200 v.
829 1139 903 1202 109:
937 1143 969 1198 et
995 1135 1040 1213 (in
1066 1135 1258 1201 memoriam
1289 1135 1421 1207 habens)

253 1237 332 1298 dotis
360 1235 432 1309 perid
464 1233 646 1310 promiserit.
700 1231 796 1298 Poem
829 1233 868 1315 V,
899 1239 1004 1314 5,17:
1039 1236 1097 1297 Sed
1123 1237 1196 1308 poio
1225 1236 1320 1298 hoc?
1353 1232 1420 1306 quid

252 1333 331 1396 icoc?
364 1333 437 1406 qood
465 1334 522 1394 hoc
552 1331 619 1390 ost?
652 1332 724 1404 quid
757 1351 812 1410 ep
833 1329 947 1414 tuideo?
980 1335 1141 1408 quomodo?
1183 1351 1214 1396 v.
1251 1335 1317 1396 18:
1351 1329 1424 1406 pald

251 1429 309 1492 icoc
324 1436 371 1492 est
387 1431 672 1508 conduplicationis?
694 1450 769 1506 puae
790 1433 865 1494 haec
881 1439 928 1494 est
943 1432 1181 1508 congeminatio?
1208 1449 1240 1494 v.
1261 1434 1308 1494 27
1317 1455 1326 1492 2
1350 1427 1422 1506 Quid

250 1529 307 1592 tibi
328 1531 459 1608 negotist
487 1537 584 1592 autem
608 1549 674 1592 cnm
696 1532 794 1592 istac?
822 1529 916 1594 Truc.
938 1527 964 1609 Ι,
989 1533 1017 1608 l,
1042 1531 1098 1593 20:
1121 1529 1288 1604 potesse?
1323 1545 1354 1590 v.
1371 1527 1419 1587 28:

250 1627 337 1702 istic,
371 1646 429 1704 quo
451 1630 587 1706 inceptas
609 1631 688 1705 lter,
719 1629 820 1703 potet?
852 1645 938 1702 poem
959 1628 1109 1690 arcessis?
1152 1626 1195 1706 Π,
1219 1632 1252 1697 2,
1281 1632 1318 1690 1:
1351 1623 1418 1700 poe

252 1725 317 1787 illic
339 1733 387 1788 cat
409 1728 482 1790 cett.
505 1724 603 1790 Poell.
626 1725 664 1807 V,
689 1731 718 1807 2,
741 1729 798 1792 30:
828 1727 908 1804 ro'd
930 1726 1049 1787 010101
1078 1722 1195 1806 (Adpg
1215 1726 1298 1800 quid
1321 1721 1416 1783 10011

251 1820 297 1897 ite)
327 1824 400 1896 qaid
427 1825 494 1886 via?
538 1843 567 1890 v.
596 1829 636 1890 32
663 1843 727 1906 sq.:
754 1827 814 1888 Adi
836 1832 925 1900 atque
948 1825 1085 1900 adpelle,
1115 1826 1189 1898 quid
1221 1825 1320 1896 velit,
1353 1815 1415 1892 prod

253 1921 309 1994 (εΕ
330 1937 396 1999 cur,
420 1918 533 2000 quere)
555 1926 685 1998 venerit,
718 1924 778 2000 Quo·
808 1926 862 1998 sit,
899 1923 1036 1998 quoiatis.
1080 1919 1195 1986 Bacch.
1218 1920 1281 2000 IV,
1309 1923 1340 1994 8,
1369 1918 1413 1976 ll:

251 2018 339 2096 Quid,
361 2018 429 2078 nir?
473 2013 539 2081 CH.
563 2021 626 2094 Vir,
649 2023 777 2097 inquam.
815 2019 853 2098 V,
878 2024 906 2098 l,
930 2022 985 2084 29:
1007 2021 1086 2096 outo
1107 2022 1163 2082 tibi
1185 2038 1223 2082 ex
1244 2021 1317 2080 filio
1340 2030 1410 2077 com,

254 2132 390 2191 opsecro,
416 2117 555 2191 aegrest?
578 2116 692 2182 Bacch.
714 2117 741 2196 Ι,
766 2121 793 2197 1,
815 2122 871 2184 29;
894 2118 974 2195 poto
996 2133 1042 2180 est
1064 2119 1142 2194 qnod
1165 2115 1309 2178 metuas?
1338 2107 1407 2175 Rnd

255 2215 287 2292 4,
313 2214 369 2276 lo:
397 2214 477 2290 Quod
497 2233 576 2277 nunc
597 2212 666 2279 visi
710 2213 780 2280 Aul.
803 2214 859 2295 IV,
882 2221 912 2294 9,
936 2220 972 2280 2:
1005 2222 1075 2277 tene
1102 2224 1171 2276 tene
1195 2214 1307 2288 pacm?
1332 2205 1405 2284 pois?

254 2307 369 2390 Amph.
392 2309 435 2387 ΙΙ,
462 2316 489 2390 1,
512 2315 567 2376 8οε
603 2315 717 2390 Quem?
762 2317 791 2391 2,
814 2317 869 2378 87:
902 2315 981 2391 Quid
1001 2314 1112 2389 igitur?
1155 2310 1274 2376 Bacch.
1301 2307 1362 2386 III,
1385 2306 1404 2378 6t

252 2411 311 2472 40:
335 2411 415 2486 Quid
439 2405 509 2485 (mie
531 2409 606 2492 ici),
630 2413 725 2474 duae?
769 2409 859 2492 Oept.
882 2410 942 2490 ΙΙΙ,
964 2416 995 2491 4,
1019 2413 1076 2475 42:
1098 2413 1346 2488 compatrem,
1369 2401 1409 2478 pli

254 2525 357 2570 servos
389 2508 459 2570 esti
502 2507 595 2590 Epid.
623 2509 679 2589 IV,
713 2516 740 2590 l,
770 2514 823 2575 16:
856 2511 942 2584 qaid,
973 2514 999 2572 si
1027 2509 1151 2572 adeam?
1195 2511 1225 2585 2,
1250 2510 1286 2572 3:
1321 2506 1408 2582 Quam

251 2621 347 2668 meam
368 2607 516 2668 matrem?
561 2626 590 2672 v.
617 2612 671 2672 11:
703 2610 805 2685 Quid?
838 2628 892 2686 ego
916 2611 1094 2671 lenocinium
1113 2607 1192 2668 facio
1216 2606 1280 2666 -1
1326 2599 1364 2674 V,
1386 2599 1407 2668 lt

251 2704 307 2767 36:
329 2705 409 2780 Quid
429 2713 518 2781 pater
544 2723 638 2782 meus,
661 2708 777 2770 virosi?
798 2703 828 2770 h.
846 2724 872 2770 c.
895 2705 971 2787 quid
986 2704 1026 2768 dc
1041 2709 1133 2786 patre
1148 2719 1220 2768 meo
1235 2699 1319 2766 mihi
1334 2711 1406 2761 colli·

252 2815 430 2866 memorare
453 2802 569 2882 potes?
614 2801 711 2868 Most.
726 2802 787 2882 ΙΙΙ,
807 2808 835 2882 1,
860 2808 935 2870 113:
957 2805 1038 2879 qaid,
1061 2821 1113 2866 cas
1136 2803 1240 2880 quanti
1261 2788 1406 2863 destinat?

253 2895 351 2964 Poen
373 2895 413 2978 V,
436 2903 465 2978 2,
489 2903 544 2964 21;
578 2903 658 2979 Quid
678 2902 759 2964 ian?
789 2898 848 2966 mie
869 2899 920 2982 101
951 2899 1093 2965 mutum?
1124 2894 1299 2973 teotbaldi,
1333 2902 1404 2972 quae

255 2992 394 3062 formula
421 3001 611 3078 usurpatur,
644 2998 673 3064 si
699 3016 763 3064 non
789 3002 877 3064 recte
905 2997 1112 3080 intelligimus
1142 2996 1294 3072 verbum,
1330 2981 1405 3071 qu⁰d

259 3091 342 3158 clius
365 3094 535 3174 usurpavit
556 3094 596 3159 ab
618 3112 720 3176 eoque
744 3095 871 3162 edoceri
900 3095 1046 3162 volumus
1076 3094 1232 3175 quomodo
1263 3089 1344 3157 illud
1365 3084 1403 3146 in·

255 3189 360 3272 telligi
381 3190 467 3256 velit.
511 3191 577 3258 Mil.
599 3192 654 3274 IV,
679 3198 708 3274 5,
729 3199 767 3260 4:
804 3197 885 3274 Quid
904 3195 999 3269 iani,
1037 3193 1092 3258 ubi
1119 3196 1225 3258 tumen
1255 3180 1402 3256 Fleckeis·

254 3286 353 3369 praef.
376 3306 407 3370 p.
435 3293 472 3354 19
495 3288 622 3358 dubitet
645 3310 685 3358 an
708 3292 908 3358 scribendum
931 3290 1167 3371 0113011001,
1190 3289 1332 3369 itemque
1352 3274 1401 3352 ΙΗ,

254 3392 286 3467 2,
309 3390 359 3456 32.
403 3385 446 3467 ΙΙ,
472 3393 501 3467 3,
524 3392 579 3454 51:
612 3391 691 3468 Quid
711 3392 808 3468 iamt,
843 3389 898 3455 ubi
924 3388 1030 3454 Lind.:
1064 3413 1132 3468 „=
1154 3405 1211 3454 cur
1236 3386 1298 3452 hoc
1325 3375 1402 3449 dicis,

254 3483 332 3565 quid
354 3483 414 3552 hoc
430 3484 553 3552 nunc?“
598 3491 627 3568 3,
644 3493 701 3554 59:
723 3490 804 3566 Quid
816 3489 906 3564 iani,
929 3485 985 3552 ubi
998 3486 1104 3552 Lind.:
1128 3475 1323 3566 „o'rationem
1338 3489 1400 3542 con·

255 3581 383 3650 tinnare
405 3583 496 3650 iubet
518 3586 550 3650 et
572 3583 755 3666 diligentius
783 3602 958 3668 exponere,
993 3583 1098 3664 siquid
1124 3583 1206 3649 alter
1232 3600 1296 3646 non
1322 3573 1401 3642 recte

257 3679 453 3746 intellexerit
474 3687 531 3748 aut
551 3681 689 3762 amplius
710 3683 839 3750 edoceri
860 3686 894 3750 ct
916 3700 1045 3750 caussas
1067 3699 1161 3748 nosse
1184 3678 1283 3745 vult.“
1320 3671 1354 3740 cf.
1375 3681 1397 3727 l·

257 3782 312 3846 62:
334 3781 408 3855 puto
428 3781 511 3842 iam?
541 3779 634 3861 Epid.
657 3779 712 3858 IV,
736 3785 766 3861 2,
787 3785 845 3848 30:
864 3783 944 3860 Quod
966 3801 1031 3860 ego,
1054 3784 1105 3860 qni
1126 3783 1208 3844 illam
1231 3787 1265 3840 ut
1285 3777 1399 3854 primun

254 3879 324 3954 uidi,
347 3897 497 3961 nunquam
518 3880 578 3942 vidi
600 3880 730 3956 postea?
763 3879 858 3945 Pocn.
875 3879 914 3960 V,
938 3883 967 3958 2,
990 3883 1045 3945 37:
1068 3895 1224 3955 quemnam
1244 3859 1398 3940 hominem?

255 3991 285 4040 v.
309 3979 363 4042 38:
386 3995 471 4052 peem
493 3984 593 4040 ament
613 3979 726 4056 igitur?
747 3976 786 4057 V,
813 3983 843 4058 2,
870 3983 922 4044 15:
947 3980 1007 4042 Sed
1028 3991 1173 4051 00001001
1192 3979 1246 4038 1110
1268 3975 1329 4037 auia
1349 3963 1398 4029 111

257 4090 332 4150 ques
356 4075 413 4138 huc
437 4094 502 4138 cum
525 4078 633 4146 tunicis
663 4077 803 4142 coverne
847 4074 940 4156 Epio.
969 4073 1007 4154 v,
1040 4079 1068 4151 1,
1096 4078 1153 4138 43:
1189 4073 1286 4148 oure?
1326 4052 1396 4128 Rud·

255 4167 283 4248 12
305 4173 335 4249 22
360 4175 414 4236 73²
447 4175 533 4250 Qvod
559 4174 674 4244 facinus
700 4175 808 4244 videor,
852 4170 949 4240 DAE.
981 4174 1062 4252 Quid
1088 4174 1190 4256 venie?
1233 4169 1326 4250 11‚3‚
1354 4155 1397 4221 12:

255 4269 343 4346 04⁰³
362 4272 535 4348 prandium,
569 4273 695 4336 obsecro
717 4271 769 4333 te?
811 4287 840 4336 v.
864 4273 921 4336 25:
955 4270 1146 4338 connecteret
1174 4303 1217 4314 -
1243 4257 1393 4335 hocloco
