3070 4758
242 222 304 280 340
577 219 734 264 suasuris.
748 221 904 264 serapam.
924 222 987 264 ΟΑΡ.
1002 224 1039 264 w.

241 383 442 470 1111111111.
487 390 620 472 Adelph.
644 393 699 474 lv,
722 399 751 474 5,
773 399 830 459 49:
861 399 903 458 m
925 417 971 458 me
993 401 1038 458 tui
1060 399 1166 473 pudet,
1197 395 1394 470 1111111111.

241 481 453 551 Micbelseuus
476 506 506 567 p.
531 495 601 569 143,
624 491 730 557 adnot.
757 497 825 558 155.
870 493 995 558 Phorm.
1018 493 1060 572 ΙΙ,
1086 501 1114 572 3,
1138 501 1193 560 45:
1228 515 1286 558 non
1309 499 1394 572 pudet

244 583 415 646 Vanitatis?
460 585 574 652 Heaut.
599 588 657 670 III,
682 596 711 671 3,
736 595 790 656 15:
818 594 916 668 Ipsius
938 593 1012 655 lacti
1033 595 1135 669 pudet.
1181 592 1288 658 Plaut.
1310 593 1394 658 Γ11111.

240 677 283 759 Π,
306 686 336 760 4,
365 687 417 747 77:
452 689 556 762 quoius
587 709 633 752 me
664 709 724 753 non
754 694 915 766 paeniteat.
960 689 1087 754 Terent
1118 690 1199 754 Eun.
1224 690 1263 770 V,
1294 695 1321 767 6,
1346 695 1394 754 12²

241 781 287 838 An
309 785 485 854 paenitebat
505 785 614 862 flagiti,
641 787 713 852 vide
735 787 912 866 Donatum,
940 788 994 868 qui
1016 788 1166 868 explicat:
1204 807 1336 868 „parum
1356 788 1395 852 vi·

241 874 407 957 debatur“,
445 879 482 943 cl.
509 882 652 950 Lindem.
688 886 730 950 ad
760 885 863 950 Plaut.
897 885 981 950 Trin.
1009 886 1051 964 11,
1080 891 1109 966 2,
1132 891 1183 952 44.
1228 886 1352 951 Phorm.
1373 885 1395 962 Ι,

241 978 271 1038 3.
293 978 350 1038 2οι
375 983 471 1040 nostri
493 991 609 1044 nosmet
629 988 772 1060 paenitet.
816 984 919 1048 Plaut.
944 984 1010 1048 Mil.
1033 983 1088 1064 IV,
1114 989 1142 1062 l,
1168 990 1223 1048 17:
1249 987 1298 1061 qui
1320 988 1393 1060 inge-

239 1075 307 1134 nuis
337 1079 410 1138 satis
437 1097 616 1155 responsare
640 1100 786 1158 nequeas,
819 1102 895 1158 quae
924 1086 1047 1158 cupiunt
1076 1084 1140 1144 tui?
1184 1082 1273 1146 Trin.
1296 1081 1349 1160 lv,
1374 1087 1394 1153 l,

241 1172 297 1232 22:
328 1192 501 1251 quamquam
525 1180 603 1239 domi
626 1184 723 1256 cupio,
747 1183 897 1256 opperiar.
944 1177 1015 1244 Aul.
1038 1179 1081 1258 II,
1105 1184 1134 1258 2,
1158 1184 1214 1244 67:
1245 1184 1328 1242 Abiit
1346 1199 1391 1240 ue·

242 1287 299 1344 que
322 1289 368 1332 me
392 1277 551 1336 certiorem
573 1276 656 1352 lecit,
679 1279 797 1340 fastidit
818 1284 886 1339 mei.
931 1275 1030 1344 Stich.
1052 1277 1094 1354 II,
1118 1283 1147 1358 2,
1173 1283 1228 1343 10:
1252 1283 1332 1340 Mein
1354 1279 1391 1336 f-

241 1369 337 1448 etidis,
361 1374 566 1447 propudiosa?
588 1392 617 1438 v.
635 1373 810 1456 Scioppius,
856 1376 937 1440 Rud.
959 1375 985 1452 Ι,
1007 1381 1037 1456 4,
1062 1380 1116 1440 27:
1142 1385 1246 1438 11111
1271 1379 1391 1438 omnium

240 1466 300 1526 iam
323 1467 455 1530 laborum
482 1475 572 1534 levas.
617 1473 708 1553 Epid.
732 1472 758 1552 I,
782 1477 811 1553 2,
836 1479 889 1538 35:
924 1476 1116 1551 Desipiebam
1144 1480 1263 1539 mentis.
1307 1473 1346 1551 ΙΙ,
1368 1476 1391 1550 2,

239 1565 296 1626 55:
326 1567 390 1626 Nec
414 1572 486 1632 satis
511 1574 685 1633 exaudibam
708 1591 764 1634 neo
788 1576 932 1634 sermonis
955 1573 1083 1634 fallebar
1106 1581 1222 1648 tamen,
1255 1573 1392 1648 (111111-

242 1671 414 1736 querentur.
451 1665 539 1732 Asiu.
557 1667 598 1747 11,
615 1676 646 1745 4,
663 1674 717 1736 53:
740 1673 790 1747 qui
813 1669 909 1747 [huic]
926 1673 1054 1732 omnium
1070 1689 1169 1732 rerum
1185 1675 1269 1748 ipsus
1285 1686 1392 1745 semper

239 1761 351 1836 credit.
378 1787 422 1815 =
450 1766 534 1844 quod
556 1767 598 1830 ad
620 1785 673 1832 res
696 1785 806 1832 omnes
828 1767 954 1833 attinet.
998 1767 1091 1832 Truc.
1115 1767 1158 1847 ΙΙ,
1182 1773 1213 1847 2,
1240 1773 1294 1832 52:
1326 1786 1390 1828 nun·

240 1878 328 1935 quam
351 1861 457 1938 edepol
484 1868 556 1926 mihi
580 1868 740 1943 Quisquam
766 1868 853 1928 homo
880 1869 1015 1928 mortalis
1045 1869 1170 1943 posthac
1199 1869 1330 1930 ducrum
1354 1881 1392 1923 rc·

239 1975 310 2016 rum
331 1961 452 2024 crederit.
498 1960 610 2040 Amph.
633 1961 674 2041 II,
699 1967 727 2041 2,
751 1967 807 2025 40:
839 1967 1004 2040 Numquam
1027 1968 1134 2041 edepol
1158 1975 1190 2026 tu
1215 1969 1288 2026 mihi
1310 1963 1389 2023 divini

238 2058 358 2118 creduis
380 2068 449 2134 post
471 2063 549 2120 huno
571 2062 665 2135 diem,
699 2061 740 2123 ad
767 2078 795 2140 q.
821 2060 841 2124 1.
865 2062 995 2126 Taubm.
1024 2060 1117 2126 affert
1146 2061 1264 2127 Bacch.
1288 2059 1345 2138 III,
1364 2063 1387 2130 4,

238 2155 272 2215 5:
294 2156 362 2216 Non
377 2159 449 2217 mibi
466 2159 556 2220 divini
580 2177 736 2236 numquam
758 2164 911 2236 quisquam
935 2162 1066 2222 creduut.
1091 2157 1206 2223 Caecil.
1225 2161 1303 2226 stat.
1322 2157 1387 2237 Syl·

239 2250 354 2340 ephebi
377 2250 416 2318 fr.
448 2260 475 2335 l,
505 2273 533 2318 v.
565 2259 643 2320 201:
679 2261 798 2320 studeat
820 2260 872 2318 tut.
918 2256 1047 2321 Terent.
1075 2256 1200 2320 Phorm.
1225 2257 1263 2334 V,
1293 2261 1320 2333 8,
1343 2255 1385 2316 m:

238 2351 342 2428 Neque
365 2355 452 2416 huius
476 2357 516 2417 sis
539 2359 651 2418 veritus
674 2357 801 2418 feminae
824 2359 994 2434 primariae.
1019 2355 1068 2418 Ad
1091 2354 1271 2434 analogiam
1286 2351 1387 2418 verbo-

240 2465 311 2510 rum
335 2449 432 2514 etiam
454 2455 530 2514 olan
553 2453 737 2519 adverbium
762 2472 832 2518 cum
856 2454 997 2536 genitivo
1013 2456 1062 2517 est
1077 2452 1280 2516 coniunctum
1295 2450 1386 2516 Plaut.

238 2543 337 2610 Mero.
361 2545 387 2625 I,
412 2553 438 2626 1,
461 2557 520 2616 43:
544 2556 604 2614 Res
628 2559 778 2615 exulatum
801 2557 935 2616 atillam
960 2557 1036 2614 olam
1058 2554 1160 2613 abibat
1181 2556 1287 2627 patris.

326 2644 479 2712 daniticos
493 2655 688 2728 cpcccpcttcus
699 2672 722 2714 s.
736 2653 913 2726 definitivus.
935 2647 1039 2713 Plaut.
1056 2647 1199 2726 Trauli,
1214 2656 1243 2727 7,
1258 2653 1311 2712 60:
1327 2649 1387 2706 Sce-

237 2744 284 2830 lus
299 2745 366 2818 viri,
388 2749 548 2812 minitare?
572 2749 723 2816 Similiter
745 2750 866 2814 dictum
881 2753 931 2814 est
944 2746 1058 2814 Pseud.
1075 2746 1133 2823 III,
1157 2753 1186 2825 2,
1214 2751 1288 2811 103;
1312 2741 1387 2817 coqui

238 2843 395 2919 sublingio,
418 2865 447 2910 v.
464 2844 597 2912 sumas.
627 2847 814 2926 1111114,
832 2850 886 2910 er:
909 2850 1068 2923 stanuum
1092 2848 1225 2907 nonnis.
1249 2843 1343 2907 Poen.
1356 2835 1386 2910 V.

242 2942 272 3018 5,
296 2943 350 3005 31:
373 2944 474 3006 hallex
496 2949 562 3008 viri.
596 2945 790 3012 menaechm.
806 2944 866 3024 111,
891 2949 920 3022 2,
944 2949 1001 3008 24:
1025 2946 1182 3020 Flagitium
1205 2951 1239 3004 tn
1261 2939 1384 3007 hominis,

247 3040 370 3126 subdole
386 3061 422 3104 ac
437 3046 559 3106 minumi
573 3050 661 3121 preti.
686 3043 800 3109 Caecil.
815 3043 893 3108 Stat.
910 3041 948 3107 ir.
964 3043 1022 3106 inc.
1043 3045 1080 3105 12
1096 3043 1128 3116 (8
1139 3037 1261 3114 Βο111.);
1283 3039 1387 3098 Nomii

239 3139 366 3214 otrqiuis
392 3143 458 3202 Nisi
488 3146 594 3204 mirum
630 3152 689 3219 est,
728 3146 928 3219 deintegrabit
953 3165 997 3194 =
1026 3137 1258 3218 virginitatem,
1299 3127 1387 3204 droca

239 3229 338 3320 κόρης.
361 3236 487 3302 Terent.
503 3239 582 3304 Eun.
599 3239 655 3322 IV,
671 3247 701 3322 4,
717 3246 772 3305 29:
794 3245 961 3304 Monstrum
977 3239 1111 3300 bominis.
1137 3233 1174 3298 cf.
1191 3251 1260 3314 cap.
1273 3232 1298 3312 Ι,
1320 3225 1345 3308 i·
1360 3229 1384 3288 4·

408 3417 453 3496 ll.
506 3419 682 3522 lppendiu
708 3421 891 3500 doctrinae
917 3417 1229 3496 substantivorum.

323 3572 516 3652 Appendicis
531 3573 601 3639 loco
617 3575 657 3640 do
664 3576 786 3639 ctrinae
802 3572 1074 3639 substantivorum
1091 3571 1154 3635 duo
1173 3560 1386 3648 supplementa

246 3669 518 3735 constructionum
541 3691 650 3737 eorum
671 3671 838 3736 tractanda
858 3675 940 3748 sunt,
964 3687 1099 3750 quorum
1115 3667 1241 3746 ellipses
1261 3667 1294 3728 et
1307 3656 1386 3740 pleo-

245 3767 347 3830 nasmi
368 3767 409 3831 ad
430 3772 608 3849 notionem,
640 3771 889 3851 praepositiones
913 3768 954 3832 ad
976 3785 1069 3833 casus
1093 3782 1202 3829 eorum
1225 3753 1383 3844 pertinent.

742 3907 785 3968 Ga
808 3951 814 3966 .
839 3907 890 3966 IV.

395 4014 568 4099 Ellipses
591 4021 630 4082 et
651 3927 867 4097 pleonapsmi
888 4011 1239 4078 substantivorum.

327 4140 353 4200 1.
377 4134 980 4218 1111111111111111111111111111
1003 4133 1036 4198 in
1059 4132 1210 4214 genitivis
1233 4137 1386 4212 possesso·

238 4231 294 4312 ris,
317 4233 344 4298 si
365 4251 514 4314 possessa
534 4254 588 4300 res
611 4237 778 4303 omittitur.
823 4233 875 4299 Sic
899 4230 1025 4298 Terent.
1049 4229 1183 4311 Adelph.
1200 4230 1256 4310 IV,
1280 4231 1308 4305 2,
1329 4222 1380 4286 43:
