3070 4758
189 218 255 288 550
480 209 490 244 ν
604 208 930 260 ‘enarraremus
962 226 969 237 ·
1043 227 1046 238 ·

191 396 242 455 cnr
261 385 353 466 rouo,
375 391 469 471 ado.
489 391 510 456 l.
528 391 722 458 droooriusr
744 384 1059 472 ‚dememorant
1077 385 1207 468 seipso
1228 383 1351 454 nour

190 487 254 554 sibi
276 505 345 554 esse
367 488 507 568 utibilis,
529 487 709 570 nongento
733 488 916 570 indulgere,
940 487 998 552 sed
1020 486 1111 567 quasi
1134 492 1222 551 esset
1232 489 1269 550 oi
1285 501 1353 550 core

191 595 226 650 'eo
247 588 398 650 volaturi.
428 586 495 648 dece
510 583 657 664 παρέλκει,
679 590 717 652 ut
737 585 882 667 menimis
903 585 981 650 locis
996 583 1081 666 apud
1096 583 1255 660 Plautum,
1276 587 1352 664 per·

190 681 266 749 inde
292 683 377 748 foret
402 681 506 746 riori
524 686 626 744 coktf‘
670 684 755 749 Triu.
779 682 822 762 ΙΙ,
846 687 876 762 2,
899 687 956 747 48;
983 701 1033 744 res
1061 684 1235 758 quaedamst
1262 697 1350 758 qnam

192 785 264 844 bolo
284 783 349 857 ligo
372 799 419 842 me
443 801 497 858 ops
519 789 549 841 te
573 799 709 858 exorare,
732 781 773 846 nd
795 797 825 861 q.
849 779 869 844 l.
892 779 1051 845 Lindem.:
1080 777 1281 857 ,Accusedvi
1302 777 1351 842 in-

189 877 315 943 finitivo
341 877 440 941 iuncti
465 881 633 942 structura
666 877 700 941 in
724 877 830 943 verbis
857 893 972 952 emere,
1008 879 1095 946 nelle,
1130 877 1258 945 studere,
1294 876 1352 940 nbi

190 974 393 1041 'accusativus
419 973 459 1038 ad
488 973 667 1040 subiectum
691 978 830 1056 spectat,
863 973 1122 1054 frequentissima
1150 973 1235 1052 apud
1254 971 1350 1036 Plau·

192 1079 271 1138 euru
304 1069 386 1136 -Sed
415 1070 509 1151 longe
536 1069 723 1137 insolentior
748 1071 827 1136 haec
855 1075 1020 1136 structura
1045 1071 1078 1136 in
1112 1070 1219 1135 verbis
1244 1072 1350 1139 ederi,

188 1187 283 1247 posse.
328 1166 498 1232 Caeterum
520 1166 558 1232 cl.
580 1167 679 1247 Paret,
700 1168 790 1234 lexic
812 1169 845 1232 in
863 1164 1054 1232 Ἀντιπτώσιι
1078 1166 1239 1246 Plautina,
1263 1165 1350 1232 euel-

192 1267 266 1347 lage
289 1268 323 1330 et
345 1269 425 1346 synt.
448 1264 560 1330 insol.“
603 1265 700 1330 Poen.
716 1264 776 1344 ΙΙΙ,
793 1271 821 1344 3,
840 1271 896 1331 34:
919 1269 1032 1328 Locum
1049 1269 1107 1328 sibi
1126 1267 1203 1327 velle
1222 1267 1350 1326 liberum

191 1367 378 1442 praeberier.
422 1361 544 1428 Eodem
565 1363 666 1428 verba
687 1361 840 1444 leguntur
861 1363 903 1428 ib.
927 1361 953 1441 I,
979 1365 1006 1440 1,
1029 1367 1079 1428 49.
1101 1362 1217 1428 Pseud.
1239 1359 1295 1440 IV,
1319 1366 1349 1438 l,

191 1447 250 1526 ee:
277 1459 383 1524 'Uncti
397 1461 429 1520 bi
452 1469 521 1522 sunt
544 1473 650 1524 senes:
682 1463 792 1535 fricari
810 1479 878 1524 sese
892 1479 930 1523 ex
952 1462 1074 1536 antiqno
1096 1463 1206 1522 voluat.
1250 1457 1349 1521 Poen.

190 1553 219 1636 Ι,
242 1561 271 1637 i,
297 1561 373 1621 lut:
407 1560 483 1618 Sunt
504 1560 550 1619 llli
573 1557 635 1637 (sic
658 1555 756 1638 dep)
779 1561 871 1636 aliae,
892 1573 979 1636 'quas
1002 1566 1141 1633 spectare
1169 1575 1225 1632 ego
1249 1565 1280 1616 et
1301 1571 1349 1616 me

190 1657 329 1731 spectari
356 1657 432 1719 volo.
477 1659 612 1718 ulii:
647 1658 689 1716 ibi
723 1673 778 1732 ego
811 1675 859 1717 me
889 1657 1008 1720 ostendi
1036 1658 1112 1717 rolo.
1155 1653 1349 1731 111,1‚62:

194 1755 243 1815 Ad
265 1771 330 1812 enm
352 1769 416 1812 rem
439 1771 494 1814 nos
515 1755 691 1815 esse-tostis
715 1755 758 1815 vis
773 1755 839 1814 tibi.
857 1795 860 1802 .
883 1751 972 1820 Pers.
988 1751 1014 1832 1,
1031 1756 1060 1830 2,
1080 1756 1133 1815 10:
1156 1755 1260 1827 Neque
1277 1767 1348 1826 que-

193 1851 331 1925 droplori
351 1865 399 1908 me
421 1853 499 1923 volo,
522 1844 563 1912 nd
586 1865 617 1926 q.
632 1848 651 1912 l.
669 1847 821 1914 Turneb:
845 1869 908 1920 „me
929 1849 1080 1925 abundat,
1104 1847 1123 1911 i.
1141 1865 1166 1912 e.
1183 1847 1255 1910 nolo
1271 1863 1350 1926 que·

192 1941 364 2024 drupluior
386 1943 487 2008 esse.“
531 1943 648 2010 Pseud.
671 1945 696 2024 Ι,
721 1949 750 2025 2,
773 1950 829 2011 34;
860 1949 1021 2024 'Magnifice
1044 1950 1110 2007 volo
1132 1965 1178 2006 me
1200 1948 1280 2008 viros
1301 1961 1350 2004 ac·

194 2044 300 2117 cipere.
322 2039 412 2104 Pers.
428 2039 467 2121 V,
484 2046 512 2121 2,
528 2047 569 2106 45
586 2059 651 2122 sq.:
674 2047 724 2105 Mc
740 2062 855 2121 quoque
878 2047 948 2106 volo
961 2045 1108 2119 Reddere,
1132 2045 1209 2106 cett.
1227 2037 1349 2105 Pseud.

192 2137 237 2217 ll,
254 2144 283 2216 2,
300 2143 354 2202 dir
379 2157 444 2201 enm
468 2157 503 2203 eo
526 2143 627 2202 alebat
647 2143 721 2200 aelle
742 2142 1002 2202 mittimnlterem.
1045 2139 1142 2205 Poen.
1158 2137 1219 2217 ΙΙΙ,
1241 2143 1268 2215 l,
1290 2141 1348 2200 de:

193 2229 236 2300 uit
257 2237 365 2313 edepol
387 2239 442 2298 tibi
464 2255 518 2300 nos
541 2241 572 2298 in
594 2240 709 2300 lumbos
731 2240 860 2315 liuguem
884 2249 972 2314 etque
995 2242 1097 2300 oeulos
1113 2242 1149 2298 in
1173 2240 1267 2298 solum
1290 2235 1349 2309 (sc.

192 2333 329 2400 uelimus
351 2331 525 2410 decidere).
568 2333 660 2415 Cepi.
675 2332 700 2412 Ι,
725 2339 754 2412 2,
778 2339 832 2399 72:
851 2338 1021 2411 'Propterea
1042 2341 1069 2395 te
1089 2336 1190 2396 vocari
1213 2330 1347 2411 [adme]

193 2421 232 2494 ed
257 2439 361 2492 ceiam
383 2434 460 2494 volo.
501 2430 618 2496 Pseud.
633 2432 659 2510 I,
676 2437 705 2510 3,
729 2437 782 2496 ll:
805 2436 864 2494 inm
887 2441 919 2493 ut
943 2431 1001 2510 [tn]
1024 2434 1092 2492 med
1114 2451 1180 2494 esse
1203 2433 1285 2494 voles
1304 2433 1349 2491 ita

192 2546 256 2590 ero.
299 2525 325 2603 1,
350 2533 380 2606 3,
404 2533 460 2592 95:
483 2532 611 2593 minimis
630 2549 678 2592 me
701 2533 778 2592 extis
799 2533 915 2606 placari
937 2533 1014 2592 volo.
1058 2547 1086 2594 v.
1113 2534 1194 2594 1492.
1221 2536 1251 2590 te
1274 2530 1349 2588 mihi

193 2640 316 2703 opernm
338 2625 410 2686 dare
433 2629 509 2688 uolo.
553 2625 667 2691 Pseud.
691 2626 716 2706 Ι,
742 2632 770 2708 5,
796 2632 871 2692 146:
906 2629 959 2689 set
988 2635 1019 2689 te
1042 2630 1108 2689 volo
1133 2629 1226 2689 Domi
1253 2644 1348 2700 nsque

193 2725 309 2787 bdess'e.
352 2719 449 2787 Poen.
468 2722 528 2802 ΙΙΙ,
550 2729 581 2802 4,
605 2730 641 2789 5:
675 2745 804 2802 propere
834 2724 890 2801 (sio
912 2721 1007 2804 nep)
1029 2725 1120 2786 hosce
1143 2725 1262 2795 absumi¹
1286 2724 1348 2804 (Ap

193 2819 322 2897 iprumi)
347 2824 422 2882 volo.
466 2825 577 2884 ulti:
612 2825 704 2897 Hem,
731 2825 826 2884 istaec
848 2827 916 2885 volo
939 2839 1011 2898 ergo
1033 2840 1086 2883 ros
1109 2823 1347 2883 commeminisse

193 2917 302 2980 omnin.
326 2919 356 2996 5,
375 2921 428 2980 10:
453 2920 584 2980 Valeant
606 2922 737 2996 apnd'te
761 2921 880 2996 qnos⁶¹l
902 2921 980 2995 rolo,
1004 2926 1092 2996 etque
1116 2921 1195 2979 band
1217 2927 1247 2981 te
1269 2915 1348 2992 r'olo,

193 3013 250 3078 nbi
271 3013 443 3094 utrobique
465 3021 571 3080 mente
593 3015 772 3080 addendum
795 3020 846 3080 est
865 3019 974 3078 caere.
1009 3013 1049 3094 V,
1073 3021 1102 3095 2,
1125 3019 1181 3080 46:
1215 3021 1259 3079 sio
1280 3021 1349 3079 volo

193 3101 336 3174 Profecto
363 3129 435 3175 uere
463 3123 571 3176 cuncta
597 3117 666 3176 lruic
694 3113 872 3190 expedirier.
917 3113 983 3180 Mil.
1011 3113 1071 3191 ΙΙΙ,
1098 3120 1126 3193 3,
1157 3119 1215 3178 34:
1248 3118 1349 3190 Atque

194 3201 284 3270 nurus
306 3224 428 3270 uxorem
451 3217 482 3272 te
505 3214 573 3273 uolo
596 3210 690 3289 [esse]
713 3213 903 3290 adsimulare,
925 3212 981 3276 ubi
994 3209 1124 3292 proprie
1144 3211 1194 3276 bis
1208 3211 1350 3291 positum

194 3309 223 3367 ie
245 3305 396 3387 oportuni.
442 3304 519 3372 dist.
535 3306 561 3387 1,
585 3311 612 3386 1,
634 3313 672 3374 31
694 3325 757 3388 sq.:
780 3313 893 3372 Neutra
914 3329 968 3372 nos
990 3311 1114 3372 nihilum
1135 3313 1225 3386 copia
1246 3311 1353 3374 volunt

193 3410 334 3482 potesse,
369 3407 478 3482 Snique
502 3409 757 3468 omniumrernm
784 3427 838 3470 nos
865 3411 1007 3484 indigere.
1051 3406 1166 3472 Beech.
1189 3405 1214 3485 Ι,
1241 3411 1268 3486 1,
1292 3408 1351 3469 biit

194 3493 237 3564 dt
259 3507 405 3579 ego-nolo
428 3506 499 3564 dare
524 3513 553 3565 te
577 3507 741 3582 quicquam.
785 3505 901 3572 Bacch.
926 3505 981 3584 IV,
1007 3511 1035 3584 9,
1063 3511 1141 3570 ΙΙΙ-ε
1174 3505 1268 3573 Noto,
1301 3507 1348 3564 Ιπ-

195 3606 299 3678 quom,
334 3618 443 3660 aarum
466 3603 599 3662 concredi
620 3605 702 3662 mibi.
747 3601 825 3668 cist
848 3603 873 3681 Ι,
896 3621 925 3668 u.
947 3607 1006 3667 85:
1041 3605 1110 3680 qnia
1132 3617 1188 3679 ego
1209 3607 1279 3664 nolo
1301 3617 1349 3662 rne

194 3698 385 3760 meretricem
408 3699 512 3760 dicier.
556 3697 645 3763 Pers.
661 3697 716 3778 IV,
739 3704 769 3777 4,
792 3704 847 3765 or:
869 3703 948 3762 Nolo
968 3717 1023 3777 ego
1051 3711 1090 3762 te·
1104 3702 1214 3764 mirari
1260 3697 1350 3762 Asin.

194 3779 255 3874 iil,
280 3799 308 3873 3,
333 3797 390 3859 68=
423 3797 500 3858 Nolo
530 3813 585 3874 ego
614 3797 809 3874 nequiores
836 3801 877 3862 sis
900 3799 972 3860 mibi
994 3817 1069 3860 ouns
1091 3799 1168 3859 istuc
1190 3799 1350 3860 sustinere.

193 3880 1350 3972 mmmmmmmmmmwm:

194 3991 273 4054 Nolo
296 4009 352 4068 ogo
375 3995 480 4054 errare
501 3991 657 4070 hospitem.
686 4011 715 4060 v.
731 3999 770 4059 77
777 4015 785 4056 r
807 3997 886 4057 liele
909 3995 1135 4070 consanguineis
1157 3992 1227 4054 nolo
1241 3998 1281 4053 'te
1303 3993 1352 4054 iu-

200 4141 404 4156 ——-—--

194 4187 796 4280 ‘mmmmm-
