3064 4754
490 215 578 256 GASUS
593 215 861 260 suesuaurivouuu.
877 240 901 249 -
914 220 1051 262 ΑΟΟΠΒΑΤ.
1278 228 1337 288 183

608 387 640 452 (ι.
684 388 901 456 Aaronem.

264 481 301 544 In
323 482 458 548 diversis
480 487 653 550 accusativi
673 488 844 568 generibus
865 490 1058 571 exponendis
1081 490 1198 554 iterum
1222 505 1340 568 sequar

176 579 367 645 Iacobsium.
412 580 480 644 lam
504 599 612 664 supra,
635 603 707 650 cum
728 586 768 650 de
788 587 929 653 ablativo
951 589 1135 669 agebamus,
1160 594 1227 652 tres
1242 588 1334 667 quasi

177 675 297 744 formas
318 679 453 760 cogitari
475 699 571 761 posse
594 683 768 764 docuimus,
792 684 825 749 in
845 686 960 766 quibus
980 684 1115 750 verbum
1137 685 1170 748 in
1186 684 1337 748 enuncia-

177 776 267 841 tione
289 776 429 857 positum
453 795 524 843 esse
547 781 686 860 spectari
708 786 823 860 potest.
868 783 935 847 lam
966 783 1072 863 prima
1096 781 1201 846 forma
1232 782 1259 846 si
1282 799 1339 862 po·

179 873 244 938 sito
271 875 450 955 cogitatur,
484 876 620 942 vidimus
654 895 692 942 ea
719 895 800 958 quae
833 880 874 944 ad
908 879 1128 961 praedicatum
1159 880 1339 944 accuratius

180 971 438 1036 constituendum
461 973 623 1038 adduntur
644 976 779 1053 nomina,
804 977 878 1058 poni
898 978 931 1042 in
954 975 1104 1042 ablativo.
1141 976 1175 1041 Si
1189 979 1223 1042 in
1238 975 1340 1041 altera

180 1065 286 1130 forma
308 1071 449 1148 positum
472 1089 543 1136 esse
565 1072 696 1136 verbum
720 1074 891 1154 cogitatur,
914 1084 951 1141 ut
972 1074 1129 1139 actionem
1151 1079 1184 1138 et
1205 1071 1340 1138 efficaci·

182 1169 285 1230 tatem
308 1167 399 1248 quasi
422 1168 557 1234 subiecti
581 1171 752 1250 exprimat,
781 1173 980 1252 eonomine,
1009 1187 1090 1253 quae
1113 1172 1154 1236 ad
1176 1170 1340 1250 praedica·

90 1261 100 1280 '
180 1267 250 1328 tum
278 1267 460 1330 accuratius
487 1267 745 1332 constituendum
779 1275 812 1332 et
842 1270 1062 1351 complendum
1090 1269 1182 1350 quasi
1214 1270 1340 1333 demum

181 1361 360 1443 adduntur,
398 1369 561 1443 ponuntur
588 1365 619 1428 in
649 1369 824 1429 mesatico.
870 1366 1054 1432 Subiectum
1082 1385 1151 1445 res,
1184 1383 1266 1446 quae
1299 1365 1340 1427 ad

181 1459 400 1538 complendam
433 1461 625 1526 sententiam
654 1463 884 1529 enunciationis
913 1463 1090 1542 adduntur,
1122 1462 1183 1527 sibi
1211 1461 1338 1526 subiicit

183 1558 275 1634 quasi
298 1557 406 1637 plane,
436 1559 481 1622 ita
504 1563 540 1622 ut
562 1567 650 1623 totae
678 1577 717 1624 cx
741 1559 796 1624 illo
817 1562 978 1642 pendeant
1001 1561 1133 1640 eiusque
1156 1561 1279 1624 actione
1304 1564 1337 1624 et

185 1651 376 1719 efficacitate
398 1661 431 1720 et
453 1657 537 1721 aetio
557 1657 715 1722 obiectum
735 1676 828 1723 suum
849 1659 939 1739 quasi
961 1676 1094 1739 morsus
1116 1651 1337 1737 amplectatur.

182 1750 246 1814 Sed
262 1751 379 1832 duplex
394 1755 478 1817 ratio
494 1761 602 1833 potest
617 1755 815 1819 intercedere
835 1757 920 1821 inter
939 1757 1096 1820 actionem
1113 1761 1146 1820 et
1170 1754 1339 1831 obiectum,

181 1847 228 1912 ita
255 1855 291 1911 ut
318 1851 402 1914 actio
430 1851 471 1916 sit
492 1857 549 1916 aut
570 1856 716 1928 νιιεριιιια
743 1858 799 1917 aut
824 1856 1011 1929 productiva.
1057 1852 1232 1932 Receptiva
1257 1850 1341 1916 actio

183 1951 234 2012 est
257 1946 340 2026 talis,
364 1948 454 2014 ouius
477 1951 603 2014 obiecta
626 1955 717 2014 extra
738 1948 855 2015 limites
871 1951 961 2031 quasi
983 1957 1016 2014 et
1036 1947 1115 2014 fines
1136 1949 1269 2014 actionis
1285 1965 1340 2028 po·

184 2044 247 2108 sita
269 2051 353 2124 sunt,
377 2045 421 2108 ita
443 2053 480 2110 ut
502 2047 557 2111 illa
578 2047 668 2111 initio
691 2048 754 2112 vim
778 2065 928 2112 exercere
948 2047 981 2111 in
1003 2065 1043 2111 ee
1062 2065 1124 2111 non
1147 2047 1289 2128 potuerit
1308 2048 1341 2109 et

183 2147 297 2221 postea
319 2143 447 2206 demum
471 2163 509 2208 ea
532 2145 772 2225 complectatur.
819 2143 940 2209 Contra
962 2145 1150 2225 productiva
1177 2142 1260 2207 actio
1292 2146 1342 2206 est

183 2240 273 2319 talis,
308 2259 389 2319 quae
413 2258 464 2320 ea,
501 2259 582 2320 qnae
605 2243 645 2307 ab
667 2243 758 2306 initio
779 2260 842 2306 non
866 2246 956 2306 extra
985 2242 1088 2321 ipsam
1111 2240 1216 2320 posita
1240 2244 1340 2318 erent,

185 2338 336 2417 producit
357 2337 494 2402 demum.
541 2340 673 2406 Obiecta
688 2340 757 2404 eins
772 2345 847 2404 ante
866 2341 967 2418 ipsam
983 2338 1078 2418 plane
1099 2354 1162 2401 non
1177 2336 1339 2416 extabant,

185 2437 242 2500 sed
266 2437 420 2516 originem
452 2455 542 2501 suam
569 2442 602 2503 et
630 2436 751 2502 iontem
778 2436 870 2516 quasi
898 2454 938 2500 ex
964 2437 1036 2516 ipsa
1058 2433 1194 2499 subiecti
1217 2433 1341 2500 actione

185 2537 351 2612 repetunt,
383 2552 421 2598 ex
444 2553 482 2599 ea
503 2537 663 2615 prodeunt
685 2539 718 2598 et
740 2533 835 2598 simul
857 2551 929 2598 cum
952 2551 991 2598 ea
1013 2539 1194 2598 nascuntur.
1240 2530 1341 2595 Porro

186 2631 478 2696 comsubstantiva
501 2633 627 2712 generis
654 2631 802 2696 neutrius
832 2629 1021 2710 plerumque
1048 2648 1131 2707 re1n,
1165 2627 1343 2692 masculina

185 2733 219 2793 ct
241 2728 390 2792 feminina
412 2730 514 2810 magis
543 2747 710 2809 personam
738 2726 917 2808 significent
943 2727 1150 2805 hominesque
1178 2724 1342 2792 adsuevis·

186 2832 261 2891 sent
282 2826 444 2890 notionem
474 2827 521 2892 rei
549 2833 582 2892 et
609 2826 724 2891 obiecti
751 2825 885 2891 actionis
912 2825 1120 2905 productivac
1149 2821 1342 2903 cogitatione

185 2923 379 3004 coniungere
402 2929 435 2988 et
457 2925 549 3004 quasi
571 2923 726 3003 conflare,
758 2921 878 2988 laetum
906 2927 973 3001 est,
1008 2921 1105 2986 utin
1133 2919 1343 2986 substantivis

185 3022 308 3084 neutris
332 3039 371 3086 ea
393 3039 485 3087 casus
508 3022 618 3101 forma,
641 3039 724 3103 quae
744 3021 874 3101 proprie
895 3027 966 3086 erat
985 3019 1087 3083 forma
1108 3017 1225 3082 obiecti
1241 3019 1341 3082 actio·

185 3119 236 3182 nis
259 3118 478 3197 productivae,
501 3120 709 3184 stabilitatem
732 3119 890 3199 quandam
917 3117 1158 3181 nancisceretur
1188 3126 1222 3180 et
1243 3114 1346 3196 etiam

184 3215 240 3278 alii
263 3233 373 3295 casus,
401 3218 614 3282 nominativus
637 3225 669 3281 et
692 3217 856 3281 vocativus
879 3233 918 3280 ea
940 3214 1202 3294 exprimerentur.
1248 3210 1343 3276 Multi

184 3310 333 3376 infinitivi
355 3313 405 3376 vel
428 3314 573 3378 absolute
596 3314 693 3394 positi
716 3312 768 3376 vel
790 3311 950 3378 coniuncti
973 3329 1045 3376 eum
1067 3308 1260 3389 praedicatis
1285 3327 1340 3390 ge-

185 3410 273 3473 neris
295 3411 462 3476 masculini
483 3411 516 3475 in
539 3413 721 3476 accusativo
744 3409 857 3490 positis
879 3412 1115 3485 tutamentum
1137 3425 1205 3477 esse,
1227 3409 1343 3470 motum

184 3509 293 3583 eiuro
311 3509 550 3588 usurpabantur
561 3513 599 3572 nt
613 3508 814 3573 substantiva
829 3506 956 3588 generis
971 3504 1129 3582 neutrius,
1145 3520 1229 3583 quae
1245 3520 1343 3569 cansa

185 3605 282 3669 etiam
305 3610 355 3670 ιιι
374 3605 618 3670 constructionis
639 3608 801 3668 oceomioi
815 3623 882 3666 com
895 3606 1053 3678 totumve,
1075 3602 1142 3667 sive
1164 3601 1343 3666 subiectum

186 3706 239 3767 est
254 3703 486 3769 enuntiationis
503 3704 570 3768 sive
586 3702 756 3781 obiectum,
780 3703 834 3782 qni
851 3719 978 3781 semper
993 3701 1155 3781 cogitatur
1169 3697 1242 3778 tale,
1259 3699 1344 3778 quod

186 3796 337 3865 effectum
358 3809 390 3864 et
412 3801 504 3880 quasi
527 3802 717 3881 productum
740 3799 784 3864 sit
805 3799 911 3864 activa
938 3803 971 3862 ιι
1000 3795 1121 3864 efficaci
1151 3796 1344 3877 cogitatione

186 3896 261 3960 eius
283 3897 338 3975 qui
359 3896 501 3976 loquitur
521 3897 572 3962 vel
595 3897 678 3962 alius
701 3897 865 3962 cuiusdam
888 3895 1033 3973 subiecti,
1056 3911 1119 3974 quo
1141 3893 1261 3959 iactum
1284 3898 1344 3973 est,

185 3999 224 4058 nt
247 3994 279 4059 in
309 3994 369 4058 hac
395 3995 632 4060 constructione
662 3996 857 4058 retineretur
885 3992 1092 4058 accusativus.
1138 3990 1345 4055 Substantiva

186 4107 342 4171 personas
365 4089 577 4172 significantia
598 4091 701 4156 forma
722 4090 852 4155 diversa
874 4096 963 4167 sunt,
997 4088 1025 4153 si
1051 4088 1230 4154 subiectum
1260 4093 1295 4151 ιι
1316 4087 1345 4152 ιι

188 4187 352 4252 obiectum
375 4185 563 4269 significant,
586 4186 771 4253 nominativi
794 4203 872 4267 ergo
892 4184 997 4251 forma
1015 4185 1078 4249 alia
1102 4192 1153 4250 est
1174 4191 1271 4264 atque
1292 4201 1346 4252 aa·
