3070 4758
479 303 568 346 (imit
582 298 849 347 eubecmlv'oattt.
862 325 887 335 -
901 305 1039 348 necuter.
1266 311 1329 372 259

175 479 254 538 ittete
277 477 367 552 loqnl.
401 493 431 540 v.
448 482 525 543 119:
547 481 590 540 lli
611 487 641 541 le
662 479 776 540 moneri
799 497 866 540 num
890 483 972 542 nevis
995 478 1054 555 (ele
1071 473 1186 557 AOgl?
1211 473 1328 543 Bacch.

174 571 359 653 111,3‚48:
382 577 462 637 Deos
486 578 633 651 propitios
656 595 702 636 me
725 577 827 637 videre
851 597 936 654 quum
959 579 1042 638 illum
1065 575 1147 654 [beu]
1175 579 1331 639 mavellem

174 673 258 733 mibi.
280 669 397 736 Bacch.
420 690 450 737 v.
465 675 542 736 460:
566 675 652 734 Illum
677 691 772 734 meum
795 679 903 736 melum
926 683 1098 751 promptare
1120 677 1219 736 malim
1243 693 1330 752 quam

175 770 336 845 peculium.
380 767 496 833 Bacch.
520 767 576 848 IV,
600 773 630 848 8,
655 773 708 832 18:
731 773 814 832 Nibil
837 781 883 833 est
905 773 981 832 lueri
1004 771 1083 847 qnod
1104 791 1151 833 me
1174 773 1262 834 bodie
1276 769 1330 833 la·

175 883 247 928 cere
269 869 417 928 mavelim.
461 866 587 946 Fragor.
604 864 729 930 Kakist.
752 885 782 946 p.
804 871 876 946 481,
899 883 928 931 ν.
956 873 987 930 l:
1010 871 1089 930 malo
1110 869 1189 931 bunc
1212 871 1331 945 alligari

175 966 215 1026 ad
239 966 343 1026 oriam.
387 961 555 1028 Vidularia
576 979 607 1044 p.
630 967 709 1042 484,
730 967 837 1028 u.·l5:
871 965 974 1026 Malim
988 967 1106 1027 ‘moriri
1133 985 1214 1029 meos
1243 985 1329 1048 quom

175 1063 387 1126 mendicarier.
431 1059 503 1125 Cas.
524 1058 567 1140 ΙΙ,
589 1065 619 1140 l,
646 1065 699 1123 11:
723 1069 821 1123 utrum
844 1093 886 1106 -—
909 1065 1052 1125 coelibem
1076 1066 1126 1124 ted
1149 1081 1215 1126 esse
1238 1067 1331 1126 menia

175 1159 320 1233 liberum,
355 1163 402 1220 Au
429 1161 568 1220 moritum
601 1175 716 1220 servom
748 1168 877 1221 aetatem
913 1161 1021 1237 degere
1049 1170 1081 1222 et
1108 1167 1214 1237 gualos
1243 1158 1332 1222 tuos?

175 1253 290 1319 Pseud.
316 1255 371 1334 IV,
395 1259 424 1334 5,
448 1259 481 1319 6:
520 1257 683 1332 conceptis
711 1258 812 1317 hercle
843 1258 943 1318 verbis
968 1261 1040 1319 satis
1069 1263 1153 1319 certo
1183 1259 1245 1320 solo
1265 1259 1331 1334 Ego

168 1355 330 1428 periurare
351 1372 397 1414 me
417 1355 570 1414 mavellem
591 1357 708 1416 millene
726 1357 818 1429 Quam
835 1355 907 1415 mibi
921 1355 1007 1416 illum
1028 1356 1119 1417 verbu
1140 1353 1197 1431 per
1218 1353 1328 1415 deridi-

175 1453 273 1512 culum
296 1452 377 1515 dere.
422 1449 509 1514 Pers.
533 1449 588 1530 IV,
618 1456 649 1529 4,
673 1455 728 1514 52:
762 1457 890 1528 retego
917 1461 947 1514 te
976 1455 1055 1514 melo
1077 1461 1176 1514 temen
1198 1451 1331 1528 Eumpse

175 1549 287 1610 adira
314 1545 413 1611 Truc-
428 1546 488 1625 lv,
506 1551 538 1626 2,
560 1552 617 1614 30:
640 1551 746 1610 Malim
766 1551 901 1612 inimicos
924 1552 964 1610 ml
987 1551 1131 1624 invidere,
1155 1567 1242 1626 quam
1264 1546 1332 1608 med

174 1647 303 1706 inimicia
330 1648 414 1706 meis.
459 1643 530 1709 Aul.
553 1643 608 1723 IV,
638 1651 666 1721 5,
693 1649 725 1709 1:
748 1649 940 1708 Eemortuom
963 1666 1017 1722 ego
1040 1666 1086 1708 me
1110 1649 1246 1708 mavelim
1269 1635 1330 1706 leto

173 1741 313 1818 malo.”)
359 1741 655 1821 Asin.l‚1‚108:
694 1745 797 1804 moriri
820 1761 886 1805 sese
910 1748 1017 1824 misere
1040 1748 1177 1805 monetet.
1222 1737 1277 1820 ΙΙΙ,
1301 1745 1331 1822 2,

179 1842 206 1904 l.
232 1844 267 1904 2:
290 1842 382 1900 emori
396 1843 449 1901 Me
462 1842 574 1908 malim,
597 1859 683 1917 quum
705 1842 780 1901 boec
800 1859 858 1902 non
880 1844 942 1903 eius
965 1843 1047 1904 uxori
1073 1843 1210 1903 indicem.
1234 1837 1331 1904 such.

172 1953 203 2000 v.
219 1940 279 2001 80:
304 1940 336 1999 Si
354 1955 475 1998 manere
499 1939 547 1997 hic
571 1955 637 1999 sese
660 1939 766 1998 malint
788 1940 888 2015 potius
905 1957 992 2014 (luam
1007 1940 1066 2002 alio
1082 1939 1203 2000 nubere.
1234 1933 1331 2000 Poen.

173 2032 200 2113 Ι,
228 2039 258 2113 2,
282 2037 339 2098 88:
372 2037 455 2097 Bono
488 2036 555 2095 med
582 2037 702 2111 ingenio
731 2053 797 2096 esse
829 2044 964 2096 ornatum
991 2055 1037 2098 me
1067 2053 1133 2098 esse
1156 2037 1246 2096 nimio
1270 2035 1331 2095 dlci

172 2133 298 2194 mavolo.
342 2150 371 2195 v.
392 2135 451 2197 90:
474 2133 584 2194 Bonam
608 2150 663 2209 ego
686 2151 772 2208 quam
797 2134 914 2194 beatam
936 2151 984 2194 me
1007 2153 1074 2197 esse
1095 2135 1185 2196 nimio
1207 2135 1332 2195 mavolo.

174 2227 288 2309 Amph.
311 2225 370 2307 ΙΙΙ,
401 2232 430 2308 2,
455 2234 509 2293 11:
543 2231 576 2291 Si
598 2249 643 2291 me
666 2233 746 2291 illam
770 2235 917 2291 ornantem
945 2231 981 2292 ed
1005 2249 1071 2293 sese
1095 2233 1228 2294 studeam
1251 2231 1330 2291 reci-

176 2343 261 2402 pere.
306 2325 394 2389 Asin.
418 2324 444 2405 Ι,
470 2332 498 2406 1,
519 2331 576 2390 52ε
606 2330 703 2404 Atque
726 2345 772 2387 me
796 2328 826 2386 id
848 2325 948 2390 iecere
972 2329 1086 2390 studeo.
1132 2325 1227 2393 Stich.
1251 2325 1277 2405 Ι,
1302 2331 1330 2404 1,

177 2427 230 2486 el:
255 2425 391 2500 Nequest
412 2442 486 2500 quor
508 2425 642 2486 studeam
665 2427 718 2486 bes
741 2426 861 2499 nuptias
883 2427 1036 2486 mutarier.
1082 2423 1168 2489 Ttln.
1184 2423 1210 2504 I,
1227 2429 1256 2504 2,
1275 2427 1329 2487 lc:

176 2523 321 2582 Omnibus
343 2524 446 2582 amieis
469 2523 547 2597 quod
569 2524 671 2583 mihist
701 2523 788 2597 cupio
816 2539 882 2583 esse
910 2523 990 2583 item.
1036 2519 1151 2585 Pseud.
1175 2519 1201 2600 Ι,
1225 2527 1253 2600 5,
1279 2523 1333 2586 58:

177 2619 270 2692 (lupia
296 2636 343 2678 me
373 2635 439 2680 esse
465 2635 601 2694 nequam.
646 2617 761 2682 Pseud.
785 2617 811 2696 Ι,
835 2621 865 2696 2,
889 2621 943 2684 17;
978 2617 1115 2680 Officium
1141 2628 1274 2681 vostrum
1299 2627 1332 2680 ut

174 2729 227 2774 eoe
248 2717 327 2775 malo
349 2715 476 2788 cupietis
497 2716 705 2776 eonmooera'er.
750 2713 847 2779 Mero.
863 2712 889 2794 Ι,
913 2719 942 2791 2,
966 2719 1021 2778 37;
1045 2717 1108 2792 Ego
1129 2715 1246 2791 bonnm,
1270 2733 1335 2776 mo·

176 2812 237 2870 lum
261 2830 319 2887 quo
342 2813 468 2887 accedit,
492 2814 563 2872 mibi
586 2813 651 2872 (lari
674 2813 732 2872 ban
756 2813 904 2875 desidero.
935 2809 1033 2876 Stich.
1049 2809 1105 2890 IV,
1125 2816 1152 2889 1,
1174 2815 1223 2875 10:
1244 2815 1330 2873 Nunc

175 2925 222 2968 me
245 2912 370 2983 gretiam
394 2929 448 2986 eps
471 2915 500 2970 te
523 2911 599 2971 inire
623 2911 719 2970 verbis
743 2912 784 2970 nil
808 2909 956 2971 desidero.
1000 2907 1096 2972 Most.
1112 2907 1138 2987 Ι,
1156 2913 1185 2989 2,
1201 2911 1242 2972 47
1249 2929 1256 2973 :
1277 2907 1329 2970 Ni·

175 3010 280 3066 iuntur
303 3013 336 3066 ut
365 3011 417 3068 elli
441 3009 497 3068 sibi
519 3025 585 3068 esse
608 3009 725 3068 illorum
749 3009 854 3070 similis
878 3015 1027 3084 expetant.
1073 3003 1133 3084 ΙΙΙ,
1159 3010 1185 3084 l,
1209 3011 1265 3071 at:
1300 3009 1333 3068 id

177 3117 225 3164 me
249 3105 326 3164 scire
354 3111 472 3180 expeto.
496 3101 581 3166 Prin.
597 3119 626 3165 v,
643 3105 723 3167 365:
746 3107 891 3166 Multoest
914 3121 1023 3181 operae
1048 3121 1121 3179 opus
1143 3103 1260 3180 fictura,
1283 3105 1333 3179 qui

178 3219 210 3262 ae
232 3201 366 3262 fictorem
389 3202 515 3277 probum
536 3203 624 3262 Vitae
648 3203 782 3277 agundae
806 3221 871 3264 esse
895 3201 1018 3278 expetit
1063 3197 1131 3264 Mil.
1148 3198 1202 3280 lv,
1219 3203 1248 3279 3,
1271 3203 1329 3264 42:

175 3299 253 3359 team
275 3317 349 3374 quos
371 3299 474 3360 ridere
497 3315 543 3358 me
566 3301 744 3373 exoptabam
767 3316 912 3359 maxume.
956 3295 1072 3362 Bacch.
1088 3293 1131 3376 ΙΙ,
1149 3301 1178 3377 3,
1201 3301 1233 3362 3:
1256 3301 1333 3359 Nam

176 3411 259 3456 mens
287 3395 430 3458 tormidet
452 3397 581 3470 animur,
614 3402 749 3457 nostrum
776 3404 837 3456 tem
860 3395 910 3457 diu
933 3397 979 3456 Ibi
1005 3395 1142 3456 desidere
1165 3411 1262 3472 neque
1285 3410 1333 3457 re·

179 3489 243 3551 dire
266 3493 369 3556 filium.
406 3490 473 3556 Mil.
489 3489 549 3569 ΙΙΙ,
568 3495 595 3569 1,
612 3495 652 3556 23
665 3507 748 3572 qq.:
772 3489 848 3566 unio
870 3493 901 3553 id
924 3499 970 3552 est
993 3491 1070 3567 qnod
1093 3491 1228 3553 cruciet?
1250 3493 1333 3554 cedo.

175 3583 238 3652 Pl..
266 3591 317 3650 ille
340 3591 395 3651 tibi
417 3591 495 3651 istuc
518 3591 626 3650 aetatis
648 3592 760 3650 homini
782 3591 916 3650 iocinore
937 3590 1065 3665 puerilia
1093 3610 1097 3618 ¹

263 3687 391 3748 Obicere
418 3685 475 3764 [et]
499 3703 595 3764 neque
618 3695 649 3748 te
673 3687 784 3748 deeora
806 3703 901 3762 neque
925 3684 1165 3748 tuisuirtutlbus

263 3787 290 3844 A
313 3793 345 3844 te
368 3793 527 3861 expetere:
552 3802 589 3844 ex
608 3786 714 3860 opibus
737 3786 858 3844 summis
881 3785 939 3843 mei
962 3789 992 3843 le
1015 3783 1137 3844 bonoris
1160 3783 1257 3858 gratia

262 3881 397 3957 bllblque
420 3885 533 3944 amanti
554 3883 599 3943 ire
622 3883 799 3957 opitulatum
832 3885 922 3956 utque
950 3879 1163 3941 calefacere
1189 3879 1334 3958 facinore,

241 3979 466 4052 -Queelatacc
488 3987 573 4041 ectus
595 3979 699 4056 ingere
722 3977 804 4039 lucta
825 3979 919 4053 megia
941 3992 1028 4052 quem
1050 3979 1162 4039 sectari
1184 3980 1270 4054 solet,

181 4135 373 4147 ..-..——..-.

250 4213 285 4279 ⁸⁹)
305 4213 421 4267 Peneus:
441 4209 491 4279 „ln
504 4209 537 4264 V.
552 4207 580 4263 C.
598 4207 677 4265 initio
696 4207 748 4264 luit
762 4209 821 4265 loct.
841 4212 941 4278 postea
959 4221 975 4262 o
994 4221 1079 4278 supnn
1096 4206 1195 4262 lineam
1212 4205 1335 4278 positum

177 4309 196 4348 a
213 4308 295 4349 moun
313 4309 368 4350 uon
387 4289 538 4352 uduodum·
549 4287 665 4347 reteri.‘⁴
1159 4301 1162 4310 ’

1034 4378 1095 4440 17*
