3040 4758
491 247 627 288 NUMERUS
643 249 907 292 suas'rxnrivonuit.
1236 264 1278 322 17

121 411 277 494 priorum,
312 414 339 478 si
364 421 421 483 aut
442 419 560 486 multos
583 421 727 486 homines
750 421 868 488 similes
896 421 1031 490 alicuius
1060 439 1133 492 esse
1155 423 1276 506 signifi·

121 511 254 574 candum
279 517 330 576 est
352 516 452 580 atilli
475 535 584 584 omnes
606 519 697 598 quasi
723 521 757 584 in
785 539 881 586 unam
909 521 1043 586 classem
1070 522 1278 602 comprehen-

121 607 250 687 duntur,
273 612 429 678 autoire
450 632 526 680 vera
544 615 654 695 plures
670 620 781 682 extant
803 617 944 684 eiusdem
966 616 1101 682 numinis
1124 617 1278 684 homines.

121 703 171 770 Sic
194 706 301 771 Plaut.
322 709 437 776 Bacch.
461 710 517 792 IV,
540 718 570 792 4,
596 717 649 776 10:
669 716 737 776 Non
759 717 833 776 mihi
853 717 905 776 isti
923 719 1046 791 placent
1072 717 1280 784 Formarum,

122 801 203 864 Sari.
236 803 408 870 Trinumm.
419 807 476 889 IV,
493 815 522 890 2,
541 815 581 875 74
599 809 742 884 (allatum
756 829 776 876 a
789 810 955 876 Perizonio
970 810 1011 876 ad
1028 810 1131 878 Sanct.
1146 811 1280 878 minem

123 919 151 980 p.
175 907 229 982 60,
253 921 347 984 quern
371 904 472 983 videl:

162 1023 205 1080 At
229 1022 308 1081 enim
329 1025 416 1083 multi
437 1025 595 1084 Lesbonici
617 1033 686 1088 sunt
707 1027 770 1086 bic:
797 1028 856 1086 nisi
875 1043 983 1087 nomen
1005 1028 1101 1101 patris

163 1119 273 1191 Dices,
301 1137 360 1180 nun
382 1140 504 1196 possum
526 1125 600 1185 istos
622 1132 790 1186 monstrare
813 1125 947 1184 homines
970 1141 1043 1197 quos
1066 1131 1098 1183 tu
1122 1125 1282 1199 quaeritas.
1348 1131 1359 1162 ·'

212 1248 240 1307 5.
264 1243 430 1310 Interdum
445 1246 579 1328 pluralis
598 1249 637 1312 de
654 1266 716 1312 uno
729 1248 868 1328 ponitur,
892 1249 946 1328 qui
964 1254 1014 1312 est
1030 1266 1046 1312 e
1064 1265 1197 1313 numero
1213 1247 1284 1328 plu·
1326 1303 1330 1314 .

122 1340 208 1404 rium
232 1339 299 1406 eius
321 1341 458 1422 generis.
503 1343 554 1409 Sic
570 1345 674 1408 Plaut.
688 1343 801 1424 Amph.
814 1344 840 1425 1,
865 1350 892 1424 1,
919 1350 979 1410 197
986 1366 993 1409 :
1017 1349 1173 1409 advenisse
1196 1347 1285 1420 forat·

123 1441 213 1501 tiaris
241 1443 346 1516 dicito,
376 1438 432 1503 ubi
460 1441 499 1504 de
528 1459 590 1506 uno
613 1445 736 1506 tantum
759 1440 907 1504 familiari
928 1440 1070 1520 loquitur
1086 1443 1186 1508 Sosia.
1225 1441 1286 1506 Hic

123 1535 269 1616 pluralis,
291 1536 324 1600 id
347 1539 431 1616 quod
453 1537 486 1601 in
502 1538 691 1604 Germanica
714 1540 810 1603 etiam
834 1538 944 1619 lingua
964 1539 1083 1602 imitari
1106 1555 1285 1618 possumne,

124 1630 327 1697 indefinitum
355 1640 389 1698 et
416 1636 565 1715 generale
587 1636 708 1715 aliquid
735 1635 896 1716 exprimit,
929 1634 990 1699 vid.
1019 1637 1115 1700 etiam
1144 1635 1286 1698 Lindem.

125 1731 167 1795 ad
191 1729 221 1793 h.
247 1730 267 1794 l.
313 1730 364 1796 Sic
387 1733 484 1797 etiam
507 1729 589 1797 Men.
611 1733 651 1814 II,
676 1737 705 1814 2,
728 1737 769 1797 46
792 1750 873 1813 sqq.:
897 1735 981 1796 Satin
1004 1735 1071 1810 hoc,
1094 1735 1172 1809 quod
1195 1733 1287 1807 vides,

126 1831 235 1891 Tribus
258 1837 464 1906 opsonatumst
485 1848 522 1890 an
546 1834 636 1893 etiam
660 1850 772 1908 opsono
795 1833 938 1906 amplius,
962 1831 1028 1910 Tibi
1050 1837 1080 1890 et
1096 1831 1235 1904 parasito
1258 1834 1289 1888 et

125 1928 270 1988 mulieri?
304 1925 406 1990 ΜΕΝ.
430 1931 512 2005 Quas
532 1930 677 1998 mulieres,
700 1931 778 2006 Quos
799 1940 831 1988 ιιι
849 1929 1000 2002 parasitos
1022 1927 1166 2002 loquere?
1197 1923 1288 1988 Cure.

126 2023 182 2102 IV,
209 2029 238 2104 3,
265 2028 320 2088 14:
346 2027 425 2099 Quas
448 2035 481 2086 tu
503 2028 576 2086 mihi
591 2028 729 2102 Tabulas,
754 2045 826 2102 quos
850 2027 944 2086 basam
967 2025 1092 2091 liberios,
1115 2042 1188 2099 qnos
1205 2021 1289 2082 Sum-

128 2141 234 2184 moaos
257 2125 425 2200 somniari,
454 2124 495 2187 ad
517 2140 547 2202 q.
570 2123 589 2186 l.
613 2121 804 2188 Lambinus:
836 2119 941 2201 „Lyco
963 2137 1040 2184 usus
1064 2122 1135 2182 erat
1157 2133 1290 2181 numero

129 2219 295 2300 singulari.
332 2219 427 2284 Miles
442 2226 550 2284 autem
574 2219 684 2283 eadem
705 2212 833 2281 n'omina
848 2217 939 2295 ponit
957 2215 991 2279 iu
1010 2212 1159 2297 plurali.“
1195 2213 1289 2276 Truc.
1443 2257 1448 2266 ·

130 2316 171 2396 ΙΙ,
195 2323 225 2396 3,
250 2323 307 2380 55:
332 2337 487 2380 emersas
511 2320 616 2392 malae,
640 2331 832 2396 quamquam
852 2313 891 2377 de
913 2331 975 2376 nna
1001 2315 1125 2375 tantum
1150 2309 1292 2390 loquitur

131 2413 311 2493 meretrice,
334 2413 468 2493 pluralis
483 2414 606 2494 positus
623 2418 682 2493 est,
705 2411 853 2493 quoniam
868 2409 952 2474 haec
967 2408 1146 2473 exclamans
1162 2406 1201 2471 de
1223 2410 1292 2470 toto

131 2511 339 2576 meretricum
364 2529 480 2592 genere
504 2511 634 2591 cogitat.
673 2508 827 2574 Similiter
847 2506 973 2571 Terent.
995 2503 1129 2584 Adelph.
1148 2501 1186 2582 V,
1206 2509 1234 2582 7,
1259 2508 1292 2566 9:

780 2625 876 2684 Missa
898 2624 973 2682 haec
996 2619 1072 2694 iace,

344 2727 545 2801 Hymenaeum
569 2725 671 2784 turbas
697 2721 851 2796 lampadas
874 2719 1019 2786 abacos,

133 2835 176 2917 (v.
203 2844 221 2901 7
245 2837 365 2901 dictum
389 2844 460 2902 erat
482 2839 521 2903 de
544 2857 608 2902 una
631 2835 787 2913 tibicina),
822 2831 864 2896 ad
891 2849 919 2912 q.
942 2830 963 2894 l.
986 2830 1147 2895 Donatus:
1187 2827 1295 2906 „Beue

133 2938 239 3000 totum
260 2934 439 3016 pluraliter,
462 2941 500 2999 ιιι
521 2935 576 3015 qui
597 2930 807 3014 reprehendit
826 2928 871 2992 sic
893 2925 1023 2991 multa.“

222 3054 251 3114 6.
276 3050 414 3114 Maxime
430 3049 643 3115 memorabilis
656 3051 706 3111 est
720 3045 857 3124 denique
873 3040 1004 3122 pluralis
1021 3036 1295 3105 substantivorum

134 3148 389 3227 abstracturum,
417 3166 499 3227 quae
522 3148 687 3222 dicuntur,
715 3143 790 3207 item
817 3144 1052 3213 concretorum,
1075 3151 1158 3213 quae
1180 3132 1221 3196 ad
1241 3130 1298 3195 ab·

135 3251 331 3310 structorum
344 3250 493 3308 naturam
508 3242 651 3325 proxime
666 3241 831 3317 accedunt,
848 3237 902 3317 qui
919 3237 1102 3314 usurpatur,
1118 3247 1189 3298 cum
1209 3226 1300 3292 varia

136 3361 259 3425 genera
282 3347 315 3410 et
337 3343 482 3421 exempla
504 3357 615 3406 eorum
644 3335 853 3402 describenda
881 3337 956 3397 sunt
982 3331 1015 3394 in
1036 3326 1218 3410 generalem
1242 3342 1299 3388 uo-

137 3443 259 3506 tiouem
275 3437 580 3521 comprehendenda.
605 3435 656 3500 Sic
669 3433 749 3498 Cato
765 3431 850 3512 apud
862 3427 1009 3494 Paullum
1024 3444 1053 3506 p.
1068 3431 1107 3490 27
1124 3444 1153 3488 v.
1169 3425 1299 3486 Acribus

140 3539 247 3618 (Lien.
265 3537 376 3604 Coton.
393 3539 462 3614 Sti:
484 3537 617 3601 Aeacos
636 3534 796 3610 pluraliter
819 3533 855 3590 ab
878 3545 959 3601 aare,
983 3527 1014 3586 id
1036 3533 1091 3597 est,
1115 3526 1298 3590 aeramento,

139 3639 216 3700 Cato
240 3639 326 3700 dixit.
369 3634 511 3700 Dubium
534 3637 599 3712 est,
634 3651 710 3697 num
732 3630 783 3695 hic
805 3628 896 3692 locus
918 3624 1042 3702 spectet
1062 3618 1103 3684 ad
1125 3620 1300 3689 orat-ionem,

139 3744 173 3796 ut
194 3738 284 3811 plura
303 3752 377 3796 ocra
397 3735 548 3809 equestria
563 3734 680 3804 fierent,
703 3729 736 3792 in
757 3743 821 3806 qua
840 3725 891 3788 est
910 3718 1011 3783 etiam
1026 3713 1184 3795 genitivus
1200 3729 1302 3774 aerum

141 3835 328 3908 equestrium
358 3834 392 3894 et
413 3828 572 3894 ablativus
602 3828 721 3890 aeribus
751 3821 949 3899 equestribus.
995 3812 1131 3888 (Erasm.
1153 3804 1305 3873 Schmidii

141 3929 378 4010 hypomnemat
410 3943 440 4006 p.
466 3929 536 3991 127.
579 3921 733 3988 Priscian.
763 3917 798 3982 T.
821 3917 852 3996 I,
880 3932 910 3994 p.
936 3915 995 3976 317
1026 3907 1113 3986 apud
1139 3905 1306 3986 Meyernm

142 4030 224 4090 orat.
237 4025 329 4089 Rom.
342 4022 454 4104 fragm.
470 4041 501 4104 p.
514 4024 579 4099 85).
611 4018 700 4083 ldem
713 4014 793 4080 (lato
809 4013 906 4078 etiam
921 4009 1062 4071 audacias
1077 4001 1158 4068 dixit
1171 4015 1305 4064 numero

144 4122 263 4204 plurali
287 4123 417 4200 (Festus
439 4120 472 4185 in
493 4119 554 4184 hac
576 4133 654 4184 voce
675 4116 762 4193 apud
784 4109 874 4176 Lien.
888 4105 909 4170 l.
932 4122 957 4169 c.
974 4103 1039 4180 88).
1084 4097 1179 4164 Ennii
1201 4092 1306 4160 annal

144 4218 290 4299 l.11,fr.
314 4224 347 4283 8:
370 4223 412 4281 Et
435 4221 522 4281 simul
545 4217 657 4292 elingit,
680 4227 778 4286 speres
799 4212 843 4270 ita
865 4205 997 4266 funditus
1021 4203 1148 4260 nostras.
1183 4191 1307 4259 Eodem

198 4321 284 4368 avone,
300 4319 414 4371 syxtus.
442 4319 461 4359 1.
1074 4301 1093 4357 2
