3004 4764
331 292 350 333 1.
378 289 547 331 mosomus
561 285 752 335 PERSWMA,
765 283 947 333 Pomm.
961 285 1136 326 nmrtsxtvu.
1236 291 1299 350 ω

140 467 197 532 ddi
222 467 360 529 metti
381 465 474 526 sordi
494 459 595 540 pauni·
628 481 658 527 v.
683 465 719 526 52
747 462 864 525 sordet
881 461 1016 522 wistri
1034 459 1130 536 petri.¹
1170 457 1298 521 Terent.

138 563 200 628 Andr
220 562 259 641 V,
282 565 312 640 8,
333 557 391 625 dd:
426 561 486 622 ssu
502 561 569 622 nidi
591 561 692 638 plodio
709 561 792 620 duno
814 559 924 633 iugum.
954 554 1080 620 Eidem
1101 555 1135 619 im
1160 552 1301 619 secudu

138 675 275 740 mont
300 657 348 724 sit
376 656 542 737 repetitu
570 655 676 721 plant.
706 653 822 720 Baooh.
844 652 901 733 lv,
929 657 958 734 9,
983 655 1039 719 ’Νι
1070 657 1214 717 instruet
1232 655 1302 714 imos

140 759 195 820 titi
217 775 323 819 servos
342 764 394 818 tuo
417 759 566 820 orditurtu
587 756 709 816 sorrint.
1307 781 1312 790 ·

225 853 264 918 in
290 849 428 916 iormulu
454 853 536 913 ider
558 869 590 914 oo
616 867 794 931 pronomen
816 845 1000 914 reflexivnm
1025 845 1225 928 reciprocam
1246 844 1303 912 ho·

140 952 197 1015 bet
215 946 490 1031 significationem,
513 965 596 1028 quoe
614 948 781 1012 invenitur.
798 944 905 1011 relate
924 944 967 1009 od
989 943 1170 1010 subiectum
1191 947 1250 1008 out
1270 943 1303 1010 iu

140 1047 262 1129 plurali:
280 1062 413 1110 numero
436 1045 576 1125 positum
598 1050 655 1110 out
676 1041 904 1126 in-singuluri,
937 1043 966 1107 si
991 1045 1042 1107 est
1067 1040 1304 1106 substantivum

142 1145 350 1212 cutenorum
395 1143 448 1209 ste
467 1142 571 1210 meur.
589 1140 668 1206 Oist.
684 1141 710 1220 1,
738 1148 770 1219 l‚:
786 1145 843 1205 25:
865 1145 964 1204 Decet
983 1144 1045 1219 pol,
1067 1159 1136 1204 mee
1150 1142 1303 1216 Sidonium,

142 1248 222 1308 huno
243 1259 311 1305 esse
334 1244 468 1303 ordinem
491 1243 702 1305 Benevolentis
722 1241 803 1301 ieter
822 1257 861 1303 se.
906 1237 984 1304 dist.
1007 1237 1033 1318 1,
1059 1244 1087 1318 1,
1109 1242 1165 1303 28:
1193 1241 1306 1300 Amini-

141 1343 213 1404 dum
228 1348 263 1400 ut
276 1343 379 1401 odiunt
393 1347 483 1415 stoue
499 1347 533 1400 ut
548 1355 614 1399 eom
629 1341 762 1399 inpotem
778 1339 856 1398 bene
872 1339 985 1398 habent
1006 1338 1086 1398 inter
1106 1353 1177 1400 rose.
1211 1334 1303 1416 Capi„

18 1441 21 1446 “
141 1437 185 1515 ΙΙ,
209 1441 238 1515 3,
261 1441 315 1500 60:
344 1438 455 1498 Videes
478 1436 570 1498 eorde
591 1454 691 1498 umore
713 1436 791 1496 inter
812 1453 851 1497 se.
895 1431 994 1498 Stich.
1017 1432 1056 1513 V,
1078 1438 1109 1513 d,
1131 1438 1189 1498 47:
1220 1437 1310 1505 lineo

142 1536 291 1609 modost,
314 1551 415 1596 emere
435 1534 517 1594 inter
537 1551 568 1595 oe
588 1535 691 1594 merlis
715 1534 798 1595 duos.
831 1531 958 1595 Terent
974 1530 1034 1596 Ad.
1050 1531 1092 1612 V,
1112 1536 1146 1610 3,
1167 1535 1223 1596 17:
1245 1534 1313 1594 Vn·-

143 1641 194 1696 tus
207 1635 328 1694 verbum
345 1633 402 1693 hoe
418 1631 575 1707 quidemst,
599 1632 771 1692 Communia
790 1647 856 1693 esse
877 1631 1039 1691 amicorum
1060 1631 1183 1691 ὀπίσω
1197 1633 1310 1692 omnint

228 1730 357 1804 Eitpsis
374 1726 570 1807 pronominis
588 1724 732 1792 redenivi
749 1729 797 1789 soi
818 1728 876 1789 sibi
888 1744 920 1788 oo
934 1724 1083 1806 inprimis
1090 1724 1242 1806 frequens
1258 1728 1312 1790 mt

143 1826 176 1890 iu
192 1824 430 1892 construetione
446 1823 620 1889 accusativi
635 1841 707 1890 oum
720 1821 883 1888 infinitivo.
914 1822 966 1888 Sit
981 1822 1062 1888 Otto
1076 1823 1114 1888 lt
1129 1823 1167 1891 rt
1183 1841 1211 1888 e.
1230 1827 1307 1888 1482

144 1928 176 1986 Si
198 1933 315 2001 emptor
337 1925 514 2000 postularit,
550 1923 685 1984 domiuus
707 1923 911 1987 iusiurandum
933 1923 1031 1998 dubit,
1064 1939 1168 1984 emm
1195 1922 1306 1995 stom.

143 2021 247 2087 Pleut.
269 2019 383 2102 Amph.
407 2017 432 2099 Ι,
457 2023 472 2082 1
500 2023 554 2082 17:
592 2021 825 2096 Quodquomquo
862 2018 918 2096 [ei]
948 2021 1052 2082 lubere
1081 2023 1192 2082 soeidit
1217 2037 1312 2095 posse·

144 2129 237 2182 retur.
282 2115 341 2197 ΙΙΙ,
363 2122 393 2196 2,
417 2121 452 2182 9:
487 2118 606 2178 adiuret
628 2119 766 2195 insuper,
800 2119 889 2179 Nolle
912 2134 980 2178 esse
1002 2118 1085 2180 dieti
1107 2135 1183 2195 quoe
1206 2120 1240 2177 in
1261 2135 1312 2180 me

146 2222 293 2280 insontem
321 2217 457 2293 prot-ulit.
504 2215 557 2276 ds,
579 2211 622 2291 Π,
651 2217 681 2289 2,
714 2217 791 2278 110:
826 2216 985 2292 Promitte,
1018 2215 1157 2293 inquom,
1193 2217 1310 2278 hostire

52 2373 57 2380 .
147 2322 254 2376 oodtrn
273 2325 307 2374 ut
327 2316 482 2374 merueris.
527 2314 636 2389 3‚14-:
671 2314 718 2374 Ad
745 2321 896 2374 tonsorem
922 2316 967 2372 ire
996 2313 1079 2372 dixit.
1123 2312 1178 2378 Asu
1208 2310 1251 2387 ΙΙ,
1278 2316 1308 2388 4,
1357 2306 1362 2314 ’

144 2415 199 2475 36;
230 2414 312 2472 nibet
333 2412 459 2471 reddere
482 2433 525 2462 =
548 2424 583 2472 se
605 2407 784 2473 relaturum
807 2425 887 2474 esse.
932 2406 1019 2471 Asin.
1043 2406 1104 2483 111,
1128 2411 1158 2486 5,
1185 2409 1261 2471 109:
1281 2411 1309 2470 si

144 2510 261 2584 quidem
284 2510 341 2568 hoo
363 2513 518 2582 argentum
541 2506 622 2569 forro
646 2525 760 2586 speres,
785 2505 937 2570 similiter
957 2502 1013 2584 IV,
1039 2511 1066 2584 1,
1089 2511 1148 2568 dd:
1172 2508 1249 2568 Nolo
1271 2508 1308 2564 il·

142 2609 203 2666 lum
225 2607 335 2665 hebere
359 2621 494 2664 caussam
522 2611 554 2664 et
574 2607 697 2665 vetitum
722 2608 823 2667 dioero
849 2627 894 2658 ==
919 2606 957 2667 ut
986 2601 1073 2668 ditet
1103 2617 1138 2666 se
1163 2603 1307 2678 votitam,

143 2702 220 2765 item
235 2719 262 2766 v.
280 2705 336 2763 di:
360 2702 393 2761 Si
406 2699 485 2761 forte
500 2717 576 2777 pure
593 2703 669 2763 velle
685 2704 796 2764 hebere
813 2703 870 2780 (so.
887 2699 935 2776 se)
951 2703 1075 2775 dixerit,
1100 2705 1133 2763 et
1147 2699 1186 2779 V,
1203 2704 1234 2778 2,
1248 2701 1307 2764 ed:

142 2801 272 2860 Ecastor
287 2801 337 2876 qui
353 2801 563 2873 subrepturum
578 2795 635 2877 (se
652 2800 698 2874 se)
721 2804 832 2876 pellem
847 2803 1000 2876 promissit
1024 2801 1089 2860 titi.
1110 2795 1172 2862 Vix
1187 2810 1245 2876 pro
1262 2797 1308 2861 el·

143 2895 218 2976 lipsi
239 2894 349 2960 heberi
372 2898 480 2974 potest
500 2893 627 2959 Terent
647 2894 773 2961 Phorm.
788 2895 848 2973 ΙΙΙ,
875 2900 902 2971 1,
929 2899 983 2960 12:
1007 2898 1147 2958 Phormio
1163 2923 1207 2938 -
1227 2903 1315 2958 stre·-

144 2996 391 3056 nuornhomiuem
408 2996 558 3068 praebuit,
575 3009 767 3073 quemquem
782 2993 980 3073 frequentius
991 2991 1108 3057 dicitnr
1118 3011 1149 3055 re
1157 2996 1308 3068 proetus·

234 3096 282 3156 15.
305 3089 549 3154 Pronominibus
570 3087 728 3156 sederitis
755 3090 993 3154 adnumeranda
1020 3093 1095 3155 suut
1120 3091 1216 3155 etiem
1242 3093 1308 3168 ipso

145 3191 178 3252 et
205 3187 297 3256 dm,
330 3187 486 3266 siquidem
507 3187 586 3252 item
609 3185 794 3252 referuntur
815 3185 856 3251 ad
882 3185 1043 3252 notionem
1065 3205 1149 3267 quoe
1171 3189 1316 3254 sutiam

146 3285 315 3364 designate
335 3289 386 3347 est
406 3290 465 3348 eut
486 3283 567 3350 lstet
589 3290 677 3349 uerte
698 3283 731 3348 in
755 3282 1009 3348 enuntiationem
1032 3284 1175 3362 Quorum
1195 3303 1315 3366 prono-

147 3381 266 3446 minum
290 3377 532 3460 sipnifioetionis
552 3379 614 3445 hoo
634 3386 687 3446 est
707 3395 887 3459 commune,
919 3381 1004 3460 quod
1033 3383 1165 3463 utrique
1184 3391 1314 3448 conmu-

146 3480 229 3544 rium
252 3482 303 3543 est
323 3479 412 3547 oliuo,
434 3477 492 3542 sed
512 3478 559 3542 ite
579 3483 687 3543 tumen
706 3476 859 3543 differunt
878 3478 963 3542 inter
982 3495 1027 3558 se,
1050 3486 1087 3544 ut
1105 3483 1168 3557 ipse
1188 3492 1313 3561 semper

146 3582 271 3656 spectet
292 3574 333 3639 ud
362 3575 504 3655 singulos
527 3576 683 3652 notiones,
718 3574 808 3640 velut
828 3575 855 3638 si
878 3574 948 3640 dico
976 3579 1040 3653 ipse
1061 3581 1115 3640 noo
1136 3579 1218 3652 feeit,
1252 3578 1312 3643 hot

146 3670 304 3752 signifieat
325 3689 390 3736 uon
411 3671 491 3737 elios
513 3672 573 3737 hoo
595 3670 710 3738 senisse
736 3659 803 3736 s'ive
826 3689 898 3736 eum
920 3689 980 3753 per
1001 3673 1096 3753 elios,
1117 3675 1173 3740 sed
1195 3675 1307 3756 ipsum,

146 3769 225 3830 iinon
252 3777 361 3834 eutem
390 3768 434 3833 nd
460 3770 552 3834 omns
576 3769 770 3846 sententies,
802 3769 852 3834 ite
870 3773 909 3834 ut
930 3771 1088 3852 exprimet
1107 3790 1172 3837 non
1193 3772 1314 3837 mutari

149 3865 321 3946 notionum
344 3885 427 3947 quse
449 3872 506 3932 eut
524 3867 595 3935 itm
610 3865 646 3930 in
667 3867 866 3946 praegressis
880 3869 1051 3949 designato
1070 3871 1123 3934 ost
1144 3875 1201 3934 rut
1222 3875 1311 3934 oertn

150 3965 257 4026 monte
271 3963 429 4044 :disponi
462 3970 582 4045 potest,
604 3965 660 4028 sed
681 3966 978 4046 mnuereeendem,
1000 3970 1039 4030 ut
1053 3983 1117 4031 uno
1132 3965 1207 4032 bine
1221 3964 1311 4042 fient,

147 4056 240 4122 ruht
261 4059 294 4124 si·
312 4059 483 4126 Terentius
496 4060 589 4131 (Eun.
610 4061 653 4140 ΙΙ,
677 4066 708 4139 1,
734 4061 787 4142 19)
807 4061 903 4126 dixit:
929 4066 1035 4127 Adeon
1057 4066 1191 4127 hominos
1213 4068 1307 4126 inne·

146 4157 352 4321 :tm-A:
374 4179 434 4225 m
456 4160 773 4294 ouguoums‘ermim*
788 4179 864 4235 esse,
885 4165 992 4226 menie
1013 4161 1096 4226 udde
1109 4165 1233 4305 potest:
1253 4160 1314 4241 qus
