<?xml version="1.0" encoding="UTF-8"?>
<!DOCTYPE html PUBLIC "-//W3C//DTD XHTML 1.0 Transitional//EN"
    "http://www.w3.org/TR/xhtml1/DTD/xhtml1-transitional.dtd">
<html xmlns="http://www.w3.org/1999/xhtml" xml:lang="en" lang="en">
 <head>
  <title>
</title>
<meta http-equiv="Content-Type" content="text/html;charset=utf-8" />
  <meta name='ocr-system' content='tesseract 3.04.00' />
  <meta name='ocr-capabilities' content='ocr_page ocr_carea ocr_par ocr_line ocrx_word'/>
</head>
<body>
  <div class='ocr_page' id='page_1' title='image "./syntaxispriscor01holtgoog_0101.png"; bbox 0 0 3058 4766; ppageno 0'>
   <div class='ocr_carea' id='block_1_1' title="bbox 213 251 937 324">
    <p class='ocr_par' dir='ltr' id='par_1_1' title="bbox 213 251 937 324">
     <span class='ocr_line' id='line_1_1' title="bbox 213 251 937 324; baseline 0.001 -33"><span class='ocrx_word' id='word_1_1' title='bbox 213 265 253 324; x_wconf 74' lang='lat'>84</span> <span class='ocrx_word' id='word_1_2' title='bbox 646 251 800 291; x_wconf 72' lang='lat' dir='ltr'>SUBS&#39;I&#39;ANT.</span> <span class='ocrx_word' id='word_1_3' title='bbox 822 251 883 292; x_wconf 78' lang='grc' dir='ltr'>ΟΔΡ.</span> <span class='ocrx_word' id='word_1_4' title='bbox 898 253 937 292; x_wconf 84' lang='grc' dir='ltr'>ΙΙΙ.</span> 
     </span>
    </p>
   </div>
   <div class='ocr_carea' id='block_1_2' title="bbox 185 424 1363 2273">
    <p class='ocr_par' dir='ltr' id='par_1_2' title="bbox 185 424 1363 1873">
     <span class='ocr_line' id='line_1_2' title="bbox 211 424 1361 507; baseline -0.002 -11"><span class='ocrx_word' id='word_1_5' title='bbox 211 430 250 496; x_wconf 89' lang='lat' dir='ltr'>fr.</span> <span class='ocrx_word' id='word_1_6' title='bbox 275 437 310 495; x_wconf 85' lang='lat'>2:</span> <span class='ocrx_word' id='word_1_7' title='bbox 343 433 384 491; x_wconf 85' lang='lat' dir='ltr'>Iu</span> <span class='ocrx_word' id='word_1_8' title='bbox 405 431 486 490; x_wconf 81' lang='lat' dir='ltr'>uoltu</span> <span class='ocrx_word' id='word_1_9' title='bbox 508 428 618 496; x_wconf 84' lang='lat' dir='ltr'>codem,</span> <span class='ocrx_word' id='word_1_10' title='bbox 650 429 683 487; x_wconf 80' lang='lat' dir='ltr'>iu</span> <span class='ocrx_word' id='word_1_11' title='bbox 705 429 804 487; x_wconf 85' lang='lat' dir='ltr'>ecdem</span> <span class='ocrx_word' id='word_1_12' title='bbox 830 435 943 488; x_wconf 86' lang='lat' dir='ltr'>mantat</span> <span class='ocrx_word' id='word_1_13' title='bbox 969 424 1012 507; x_wconf 87' lang='lat' dir='ltr'>(h.</span> <span class='ocrx_word' id='word_1_14' title='bbox 1036 433 1205 503; x_wconf 85' lang='lat' dir='ltr'>emanet)</span> <span class='ocrx_word' id='word_1_15' title='bbox 1235 433 1361 494; x_wconf 76' lang='lat' dir='ltr'>malitie.</span> 
     </span>
     <span class='ocr_line' id='line_1_3' title="bbox 213 522 1363 605; baseline -0.002 -13"><span class='ocrx_word' id='word_1_16' title='bbox 213 527 340 594; x_wconf 83' lang='lat' dir='ltr'>Terent.</span> <span class='ocrx_word' id='word_1_17' title='bbox 364 523 497 605; x_wconf 83' lang='lat' dir='ltr'><strong>Adelph.</strong></span> <span class='ocrx_word' id='word_1_18' title='bbox 520 522 573 602; x_wconf 88' lang='lat' dir='ltr'>IV,</span> <span class='ocrx_word' id='word_1_19' title='bbox 598 529 626 602; x_wconf 83' lang='lat'>2,</span> <span class='ocrx_word' id='word_1_20' title='bbox 651 527 691 587; x_wconf 85' lang='lat'>50</span> <span class='ocrx_word' id='word_1_21' title='bbox 713 525 757 601; x_wconf 88' lang='lat' dir='ltr'>(v.</span> <span class='ocrx_word' id='word_1_22' title='bbox 774 523 898 588; x_wconf 85' lang='lat' dir='ltr'>lensius</span> <span class='ocrx_word' id='word_1_23' title='bbox 920 522 940 587; x_wconf 91' lang='lat' dir='ltr'>l.</span> <span class='ocrx_word' id='word_1_24' title='bbox 957 524 1013 601; x_wconf 88' lang='lat' dir='ltr'>c.):</span> <span class='ocrx_word' id='word_1_25' title='bbox 1038 529 1181 604; x_wconf 76' lang='lat' dir='ltr'>Ctesipho</span> <span class='ocrx_word' id='word_1_26' title='bbox 1204 538 1306 592; x_wconf 82' lang='lat' dir='ltr'>autem</span> <span class='ocrx_word' id='word_1_27' title='bbox 1328 534 1363 591; x_wconf 81' lang='lat' dir='ltr'>iu</span> 
     </span>
     <span class='ocr_line' id='line_1_4' title="bbox 185 620 1361 704; baseline 0.003 -18"><span class='ocrx_word' id='word_1_28' title='bbox 185 626 187 630; x_wconf 82' lang='grc'><strong>’</strong></span> <span class='ocrx_word' id='word_1_29' title='bbox 213 635 341 688; x_wconf 76' lang='lat' dir='ltr'>muorest</span> <span class='ocrx_word' id='word_1_30' title='bbox 363 633 452 687; x_wconf 88' lang='lat' dir='ltr'>totus.</span> <span class='ocrx_word' id='word_1_31' title='bbox 485 621 610 685; x_wconf 90' lang='lat' dir='ltr'>Phorm.</span> <span class='ocrx_word' id='word_1_32' title='bbox 626 620 669 701; x_wconf 94' lang='grc' dir='ltr'>ΙΙ,</span> <span class='ocrx_word' id='word_1_33' title='bbox 684 626 712 700; x_wconf 93' lang='grc'>1,</span> <span class='ocrx_word' id='word_1_34' title='bbox 735 625 788 685; x_wconf 82' lang='lat'>21:</span> <span class='ocrx_word' id='word_1_35' title='bbox 814 625 961 699; x_wconf 76' lang='lat' dir='ltr'><strong>Quidquid</strong></span> <span class='ocrx_word' id='word_1_36' title='bbox 982 633 1105 699; x_wconf 87' lang='lat' dir='ltr'>praeter</span> <span class='ocrx_word' id='word_1_37' title='bbox 1128 645 1211 702; x_wconf 89' lang='lat' dir='ltr'>spem</span> <span class='ocrx_word' id='word_1_38' title='bbox 1235 631 1361 704; x_wconf 82' lang='lat' dir='ltr'>eveniet,</span> 
     </span>
     <span class='ocr_line' id='line_1_5' title="bbox 213 719 1361 802; baseline 0.004 -17"><span class='ocrx_word' id='word_1_39' title='bbox 213 743 298 785; x_wconf 92' lang='lat' dir='ltr'>omne</span> <span class='ocrx_word' id='word_1_40' title='bbox 321 725 352 783; x_wconf 90' lang='lat' dir='ltr'>id</span> <span class='ocrx_word' id='word_1_41' title='bbox 375 723 522 798; x_wconf 79' lang='lat' dir='ltr'>deputabo</span> <span class='ocrx_word' id='word_1_42' title='bbox 544 737 611 782; x_wconf 89' lang='lat' dir='ltr'>esse</span> <span class='ocrx_word' id='word_1_43' title='bbox 629 723 667 780; x_wconf 77' lang='lat' dir='ltr'>eo</span> <span class='ocrx_word' id='word_1_44' title='bbox 689 722 777 782; x_wconf 81' lang='lat' dir='ltr'>tuere.</span> <span class='ocrx_word' id='word_1_45' title='bbox 823 719 948 783; x_wconf 89' lang='lat' dir='ltr'>Phorm.</span> <span class='ocrx_word' id='word_1_46' title='bbox 965 719 1007 799; x_wconf 96' lang='lat' dir='ltr'>II,</span> <span class='ocrx_word' id='word_1_47' title='bbox 1028 727 1053 800; x_wconf 96' lang='lat' dir='ltr'>l,</span> <span class='ocrx_word' id='word_1_48' title='bbox 1071 725 1111 786; x_wconf 90' lang='grc'>36</span> <span class='ocrx_word' id='word_1_49' title='bbox 1132 722 1361 802; x_wconf 83' lang='lat' dir='ltr'>(Theodericus</span> 
     </span>
     <span class='ocr_line' id='line_1_6' title="bbox 211 815 1362 897; baseline 0.001 -15"><span class='ocrx_word' id='word_1_50' title='bbox 211 818 231 882; x_wconf 93' lang='lat' dir='ltr'>l.</span> <span class='ocrx_word' id='word_1_51' title='bbox 255 820 311 895; x_wconf 90' lang='lat' dir='ltr'>c.):</span> <span class='ocrx_word' id='word_1_52' title='bbox 344 822 455 881; x_wconf 78' lang='lat' dir='ltr'>Hicin</span> <span class='ocrx_word' id='word_1_53' title='bbox 474 821 602 880; x_wconf 66' lang='lat' dir='ltr'>meast.</span> <span class='ocrx_word' id='word_1_54' title='bbox 648 815 774 881; x_wconf 88' lang='lat' dir='ltr'>Phorm.</span> <span class='ocrx_word' id='word_1_55' title='bbox 798 818 835 897; x_wconf 88' lang='lat' dir='ltr'>V,</span> <span class='ocrx_word' id='word_1_56' title='bbox 859 823 888 897; x_wconf 88' lang='lat'>9,</span> <span class='ocrx_word' id='word_1_57' title='bbox 918 823 973 882; x_wconf 87' lang='lat'>32:</span> <span class='ocrx_word' id='word_1_58' title='bbox 1008 823 1094 896; x_wconf 92' lang='lat' dir='ltr'>cupio</span> <span class='ocrx_word' id='word_1_59' title='bbox 1117 823 1226 883; x_wconf 79' lang='lat' dir='ltr'>misera</span> <span class='ocrx_word' id='word_1_60' title='bbox 1252 826 1285 882; x_wconf 80' lang='lat' dir='ltr'>iu</span> <span class='ocrx_word' id='word_1_61' title='bbox 1306 827 1362 884; x_wconf 85' lang='lat' dir='ltr'>bac</span> 
     </span>
     <span class='ocr_line' id='line_1_7' title="bbox 211 913 1361 1001; baseline 0.003 -22"><span class='ocrx_word' id='word_1_62' title='bbox 211 936 245 979; x_wconf 83' lang='lat' dir='ltr'>re</span> <span class='ocrx_word' id='word_1_63' title='bbox 266 922 324 980; x_wconf 88' lang='lat' dir='ltr'>iam</span> <span class='ocrx_word' id='word_1_64' title='bbox 347 919 510 993; x_wconf 84' lang='lat' dir='ltr'>defungier.</span> <span class='ocrx_word' id='word_1_65' title='bbox 556 914 670 978; x_wconf 82' lang='lat' dir='ltr'>Heaut.</span> <span class='ocrx_word' id='word_1_66' title='bbox 690 913 750 994; x_wconf 90' lang='lat' dir='ltr'>III,</span> <span class='ocrx_word' id='word_1_67' title='bbox 776 920 803 994; x_wconf 93' lang='lat' dir='ltr'>l,</span> <span class='ocrx_word' id='word_1_68' title='bbox 826 919 880 980; x_wconf 83' lang='lat'>96:</span> <span class='ocrx_word' id='word_1_69' title='bbox 903 935 937 977; x_wconf 94' lang='lat' dir='ltr'>re</span> <span class='ocrx_word' id='word_1_70' title='bbox 960 919 991 976; x_wconf 91' lang='lat' dir='ltr'>in</span> <span class='ocrx_word' id='word_1_71' title='bbox 1013 926 1124 979; x_wconf 89' lang='lat' dir='ltr'>nostra.</span> <span class='ocrx_word' id='word_1_72' title='bbox 1169 917 1241 984; x_wconf 88' lang='lat' dir='ltr'>Huc</span> <span class='ocrx_word' id='word_1_73' title='bbox 1263 920 1361 1001; x_wconf 86' lang='lat' dir='ltr'>perti·</span> 
     </span>
     <span class='ocr_line' id='line_1_8' title="bbox 211 1010 1360 1099; baseline 0.002 -19"><span class='ocrx_word' id='word_1_74' title='bbox 211 1019 266 1080; x_wconf 91' lang='lat' dir='ltr'>net</span> <span class='ocrx_word' id='word_1_75' title='bbox 288 1016 382 1080; x_wconf 87' lang='lat' dir='ltr'>etiarn</span> <span class='ocrx_word' id='word_1_76' title='bbox 405 1011 530 1078; x_wconf 89' lang='lat' dir='ltr'>dicendi</span> <span class='ocrx_word' id='word_1_77' title='bbox 551 1010 687 1077; x_wconf 83' lang='lat' dir='ltr'>formula</span> <span class='ocrx_word' id='word_1_78' title='bbox 707 1017 738 1074; x_wconf 91' lang='lat' dir='ltr'>in</span> <span class='ocrx_word' id='word_1_79' title='bbox 761 1018 840 1088; x_wconf 89' lang='lat' dir='ltr'>loco,</span> <span class='ocrx_word' id='word_1_80' title='bbox 876 1029 957 1092; x_wconf 89' lang='lat' dir='ltr'>quae</span> <span class='ocrx_word' id='word_1_81' title='bbox 984 1013 1069 1078; x_wconf 90' lang='lat' dir='ltr'>idem</span> <span class='ocrx_word' id='word_1_82' title='bbox 1096 1013 1254 1096; x_wconf 85' lang='lat' dir='ltr'>significet</span> <span class='ocrx_word' id='word_1_83' title='bbox 1276 1017 1360 1099; x_wconf 90' lang='lat' dir='ltr'>quod</span> 
     </span>
     <span class='ocr_line' id='line_1_9' title="bbox 211 1107 1359 1194; baseline -0.002 -15"><span class='ocrx_word' id='word_1_84' title='bbox 211 1113 295 1179; x_wconf 91' lang='lat' dir='ltr'>iusto</span> <span class='ocrx_word' id='word_1_85' title='bbox 318 1119 469 1194; x_wconf 89' lang='lat' dir='ltr'>tempore.</span> <span class='ocrx_word' id='word_1_86' title='bbox 514 1109 646 1191; x_wconf 83' lang='lat' dir='ltr'>Adelph.</span> <span class='ocrx_word' id='word_1_87' title='bbox 669 1109 711 1190; x_wconf 95' lang='grc' dir='ltr'>ΙΙ,</span> <span class='ocrx_word' id='word_1_88' title='bbox 745 1116 774 1191; x_wconf 82' lang='lat'>2,</span> <span class='ocrx_word' id='word_1_89' title='bbox 797 1116 833 1176; x_wconf 86' lang='lat'>8:</span> <span class='ocrx_word' id='word_1_90' title='bbox 866 1107 1025 1174; x_wconf 76' lang='lat' dir='ltr'>Pecuniam</span> <span class='ocrx_word' id='word_1_91' title='bbox 1052 1116 1086 1173; x_wconf 80' lang='lat' dir='ltr'>tu</span> <span class='ocrx_word' id='word_1_92' title='bbox 1113 1116 1173 1175; x_wconf 82' lang='lat' dir='ltr'>leco</span> <span class='ocrx_word' id='word_1_93' title='bbox 1202 1121 1359 1193; x_wconf 81' lang='lat' dir='ltr'>neglegere</span> 
     </span>
     <span class='ocr_line' id='line_1_10' title="bbox 212 1199 1359 1289; baseline 0.002 -15"><span class='ocrx_word' id='word_1_94' title='bbox 212 1231 377 1275; x_wconf 82' lang='lat' dir='ltr'>maxumum</span> <span class='ocrx_word' id='word_1_95' title='bbox 398 1212 577 1272; x_wconf 80' lang='lat' dir='ltr'>Interdumst</span> <span class='ocrx_word' id='word_1_96' title='bbox 599 1199 738 1270; x_wconf 80' lang='lat' dir='ltr'>lucrum&#39;</span> <span class='ocrx_word' id='word_1_97' title='bbox 767 1209 805 1289; x_wconf 83' lang='lat' dir='ltr'>V,</span> <span class='ocrx_word' id='word_1_98' title='bbox 821 1215 850 1289; x_wconf 87' lang='lat'>3,</span> <span class='ocrx_word' id='word_1_99' title='bbox 874 1216 930 1275; x_wconf 83' lang='lat'>41:</span> <span class='ocrx_word' id='word_1_100' title='bbox 952 1213 986 1270; x_wconf 78' lang='lat' dir='ltr'>iu</span> <span class='ocrx_word' id='word_1_101' title='bbox 1008 1213 1068 1272; x_wconf 83' lang='lat' dir='ltr'>loco</span> <span class='ocrx_word' id='word_1_102' title='bbox 1087 1215 1201 1287; x_wconf 85' lang='lat' dir='ltr'>Vereri,</span> <span class='ocrx_word' id='word_1_103' title='bbox 1224 1217 1304 1274; x_wconf 91' lang='lat' dir='ltr'>iuter</span> <span class='ocrx_word' id='word_1_104' title='bbox 1327 1233 1359 1276; x_wconf 87' lang='lat' dir='ltr'>se</span> 
     </span>
     <span class='ocr_line' id='line_1_11' title="bbox 212 1309 1360 1388; baseline -0.001 -16"><span class='ocrx_word' id='word_1_105' title='bbox 212 1329 319 1372; x_wconf 85' lang='lat' dir='ltr'>amaro.</span> <span class='ocrx_word' id='word_1_106' title='bbox 365 1314 394 1388; x_wconf 87' lang='grc'>9,</span> <span class='ocrx_word' id='word_1_107' title='bbox 424 1313 479 1371; x_wconf 83' lang='lat'>37:</span> <span class='ocrx_word' id='word_1_108' title='bbox 509 1310 593 1369; x_wconf 86' lang='lat' dir='ltr'>Haec</span> <span class='ocrx_word' id='word_1_109' title='bbox 614 1309 797 1383; x_wconf 84' lang='lat' dir='ltr'>reprendere</span> <span class='ocrx_word' id='word_1_110' title='bbox 819 1317 850 1370; x_wconf 89' lang='lat' dir='ltr'>et</span> <span class='ocrx_word' id='word_1_111' title='bbox 872 1311 1025 1385; x_wconf 86' lang='lat' dir='ltr'>conrigere</span> <span class='ocrx_word' id='word_1_112' title='bbox 1050 1318 1081 1371; x_wconf 86' lang='lat' dir='ltr'>et</span> <span class='ocrx_word' id='word_1_113' title='bbox 1102 1311 1303 1372; x_wconf 77' lang='lat' dir='ltr'>obsecundare</span> <span class='ocrx_word' id='word_1_114' title='bbox 1325 1314 1360 1371; x_wconf 79' lang='lat' dir='ltr'>ta</span> 
     </span>
     <span class='ocr_line' id='line_1_12' title="bbox 212 1402 1356 1486; baseline 0.001 -16"><span class='ocrx_word' id='word_1_115' title='bbox 212 1413 279 1471; x_wconf 83' lang='lat' dir='ltr'>loeo.</span> <span class='ocrx_word' id='word_1_116' title='bbox 325 1406 431 1470; x_wconf 84' lang='lat' dir='ltr'>Etiam</span> <span class='ocrx_word' id='word_1_117' title='bbox 452 1423 522 1470; x_wconf 91' lang='lat' dir='ltr'>cum</span> <span class='ocrx_word' id='word_1_118' title='bbox 545 1402 699 1485; x_wconf 88' lang='lat' dir='ltr'>gerundiu</span> <span class='ocrx_word' id='word_1_119' title='bbox 720 1408 754 1468; x_wconf 89' lang='lat' dir='ltr'>et</span> <span class='ocrx_word' id='word_1_120' title='bbox 770 1410 851 1482; x_wconf 86' lang='lat' dir='ltr'>part.</span> <span class='ocrx_word' id='word_1_121' title='bbox 874 1404 932 1470; x_wconf 92' lang='lat' dir='ltr'>fut.</span> <span class='ocrx_word' id='word_1_122' title='bbox 955 1423 1038 1486; x_wconf 89' lang='lat' dir='ltr'>pass.</span> <span class='ocrx_word' id='word_1_123' title='bbox 1062 1405 1270 1486; x_wconf 87' lang='lat' dir='ltr'>coniungitur,</span> <span class='ocrx_word' id='word_1_124' title='bbox 1293 1424 1356 1486; x_wconf 86' lang='lat' dir='ltr'>quo</span> 
     </span>
     <span class='ocr_line' id='line_1_13' title="bbox 210 1501 1355 1584; baseline -0.002 -14"><span class='ocrx_word' id='word_1_125' title='bbox 210 1506 379 1583; x_wconf 87' lang='lat' dir='ltr'>indicatur,</span> <span class='ocrx_word' id='word_1_126' title='bbox 402 1501 471 1568; x_wconf 90' lang='lat' dir='ltr'>fieri</span> <span class='ocrx_word' id='word_1_127' title='bbox 493 1501 622 1584; x_wconf 89' lang='lat' dir='ltr'>aliquid,</span> <span class='ocrx_word' id='word_1_128' title='bbox 646 1502 721 1567; x_wconf 92' lang='lat' dir='ltr'>dum</span> <span class='ocrx_word' id='word_1_129' title='bbox 743 1502 831 1566; x_wconf 88' lang='lat' dir='ltr'>aliud</span> <span class='ocrx_word' id='word_1_130' title='bbox 853 1503 968 1584; x_wconf 85' lang='lat' dir='ltr'>agitur.</span> <span class='ocrx_word' id='word_1_131' title='bbox 1004 1503 1099 1567; x_wconf 90' lang='lat' dir='ltr'>Ennii</span> <span class='ocrx_word' id='word_1_132' title='bbox 1113 1502 1215 1568; x_wconf 86' lang='lat' dir='ltr'>annal.</span> <span class='ocrx_word' id='word_1_133' title='bbox 1230 1504 1250 1567; x_wconf 91' lang='grc'>1,</span> <span class='ocrx_word' id='word_1_134' title='bbox 1265 1503 1355 1584; x_wconf 90' lang='lat' dir='ltr'>XIII,</span> 
     </span>
     <span class='ocr_line' id='line_1_14' title="bbox 209 1598 1358 1680; baseline -0.003 -14"><span class='ocrx_word' id='word_1_135' title='bbox 209 1602 246 1668; x_wconf 89' lang='lat' dir='ltr'>fr.</span> <span class='ocrx_word' id='word_1_136' title='bbox 274 1610 305 1668; x_wconf 90' lang='lat' dir='ltr'>l:</span> <span class='ocrx_word' id='word_1_137' title='bbox 334 1611 433 1666; x_wconf 90' lang='lat' dir='ltr'>aetate</span> <span class='ocrx_word' id='word_1_138' title='bbox 456 1605 487 1663; x_wconf 93' lang='lat' dir='ltr'>iu</span> <span class='ocrx_word' id='word_1_139' title='bbox 510 1603 632 1678; x_wconf 87' lang='lat' dir='ltr'>agenda.</span> <span class='ocrx_word' id='word_1_140' title='bbox 676 1598 779 1664; x_wconf 91' lang='lat' dir='ltr'>Plaut.</span> <span class='ocrx_word' id='word_1_141' title='bbox 803 1600 899 1666; x_wconf 85' lang='lat' dir='ltr'>Stich.</span> <span class='ocrx_word' id='word_1_142' title='bbox 922 1600 948 1680; x_wconf 94' lang='lat'>1,</span> <span class='ocrx_word' id='word_1_143' title='bbox 974 1606 1001 1680; x_wconf 95' lang='grc'>1,</span> <span class='ocrx_word' id='word_1_144' title='bbox 1026 1607 1082 1665; x_wconf 84' lang='grc'>54;</span> <span class='ocrx_word' id='word_1_145' title='bbox 1116 1604 1184 1663; x_wconf 87' lang='lat' dir='ltr'>Scio</span> <span class='ocrx_word' id='word_1_146' title='bbox 1213 1612 1300 1680; x_wconf 88' lang='lat' dir='ltr'>atque</span> <span class='ocrx_word' id='word_1_147' title='bbox 1323 1606 1358 1662; x_wconf 82' lang='lat' dir='ltr'>iu</span> 
     </span>
     <span class='ocr_line' id='line_1_15' title="bbox 209 1696 1358 1779; baseline -0.004 -14"><span class='ocrx_word' id='word_1_148' title='bbox 209 1703 361 1778; x_wconf 81' lang='lat' dir='ltr'>copttoudo</span> <span class='ocrx_word' id='word_1_149' title='bbox 382 1719 514 1761; x_wconf 81' lang='lat' dir='ltr'>moerore</span> <span class='ocrx_word' id='word_1_150' title='bbox 537 1719 654 1776; x_wconf 90' lang='lat' dir='ltr'>augeor.</span> <span class='ocrx_word' id='word_1_151' title='bbox 699 1696 870 1763; x_wconf 83' lang='lat' dir='ltr'>Trinumm.</span> <span class='ocrx_word' id='word_1_152' title='bbox 894 1697 937 1779; x_wconf 94' lang='grc' dir='ltr'>Π,</span> <span class='ocrx_word' id='word_1_153' title='bbox 963 1704 990 1778; x_wconf 93' lang='lat' dir='ltr'>l,</span> <span class='ocrx_word' id='word_1_154' title='bbox 1014 1704 1046 1763; x_wconf 87' lang='lat'>2:</span> <span class='ocrx_word' id='word_1_155' title='bbox 1080 1703 1206 1761; x_wconf 89' lang='lat' dir='ltr'>Multum</span> <span class='ocrx_word' id='word_1_156' title='bbox 1227 1703 1260 1760; x_wconf 82' lang='lat' dir='ltr'>tre</span> <span class='ocrx_word' id='word_1_157' title='bbox 1282 1703 1358 1775; x_wconf 79' lang='lat' dir='ltr'>cupt-</span> 
     </span>
     <span class='ocr_line' id='line_1_16' title="bbox 209 1799 644 1873; baseline -0.016 -10"><span class='ocrx_word' id='word_1_158' title='bbox 209 1803 297 1864; x_wconf 82' lang='lat' dir='ltr'>teudo</span> <span class='ocrx_word' id='word_1_159' title='bbox 319 1802 450 1862; x_wconf 89' lang='lat' dir='ltr'>dolorem</span> <span class='ocrx_word' id='word_1_160' title='bbox 473 1799 644 1873; x_wconf 75' lang='lat' dir='ltr'>indipisces.</span> 
     </span>
    </p>

    <p class='ocr_par' dir='ltr' id='par_1_3' title="bbox 207 1892 1359 2273">
     <span class='ocr_line' id='line_1_17' title="bbox 293 1892 1358 1976; baseline -0.002 -15"><span class='ocrx_word' id='word_1_161' title='bbox 293 1898 323 1962; x_wconf 93' lang='lat' dir='ltr'>h.</span> <span class='ocrx_word' id='word_1_162' title='bbox 357 1895 505 1976; x_wconf 82' lang='lat' dir='ltr'>Iungitur</span> <span class='ocrx_word' id='word_1_163' title='bbox 525 1897 558 1954; x_wconf 77' lang='lat' dir='ltr'>to</span> <span class='ocrx_word' id='word_1_164' title='bbox 580 1911 651 1958; x_wconf 88' lang='lat' dir='ltr'>curu</span> <span class='ocrx_word' id='word_1_165' title='bbox 671 1892 864 1972; x_wconf 90' lang='lat' dir='ltr'>notionibus,</span> <span class='ocrx_word' id='word_1_166' title='bbox 898 1909 981 1974; x_wconf 89' lang='lat' dir='ltr'>quae</span> <span class='ocrx_word' id='word_1_167' title='bbox 1009 1893 1129 1974; x_wconf 89' lang='lat' dir='ltr'>aliquid</span> <span class='ocrx_word' id='word_1_168' title='bbox 1152 1895 1358 1974; x_wconf 91' lang='lat' dir='ltr'>eomprehen-</span> 
     </span>
     <span class='ocr_line' id='line_1_18' title="bbox 210 1989 1359 2073; baseline -0.004 -10"><span class='ocrx_word' id='word_1_169' title='bbox 210 1997 290 2063; x_wconf 89' lang='lat' dir='ltr'>dunt</span> <span class='ocrx_word' id='word_1_170' title='bbox 311 2000 345 2059; x_wconf 89' lang='lat' dir='ltr'>et</span> <span class='ocrx_word' id='word_1_171' title='bbox 366 1993 541 2069; x_wconf 81' lang='lat' dir='ltr'>continent,</span> <span class='ocrx_word' id='word_1_172' title='bbox 565 2008 646 2070; x_wconf 89' lang='lat' dir='ltr'>quoe</span> <span class='ocrx_word' id='word_1_173' title='bbox 670 1991 807 2070; x_wconf 85' lang='lat' dir='ltr'>aliquam</span> <span class='ocrx_word' id='word_1_174' title='bbox 828 1991 975 2071; x_wconf 91' lang='lat' dir='ltr'>indolem,</span> <span class='ocrx_word' id='word_1_175' title='bbox 998 1989 1193 2071; x_wconf 82' lang='lat' dir='ltr'>facultatem,</span> <span class='ocrx_word' id='word_1_176' title='bbox 1216 1997 1359 2073; x_wconf 88' lang='lat' dir='ltr'>potesta-</span> 
     </span>
     <span class='ocr_line' id='line_1_19' title="bbox 207 2089 1358 2171; baseline -0.005 -11"><span class='ocrx_word' id='word_1_177' title='bbox 207 2100 273 2160; x_wconf 91' lang='lat' dir='ltr'>tem</span> <span class='ocrx_word' id='word_1_178' title='bbox 295 2094 429 2171; x_wconf 89' lang='lat' dir='ltr'>babent,</span> <span class='ocrx_word' id='word_1_179' title='bbox 455 2091 488 2154; x_wconf 90' lang='lat' dir='ltr'>in</span> <span class='ocrx_word' id='word_1_180' title='bbox 510 2089 625 2168; x_wconf 89' lang='lat' dir='ltr'>quibus</span> <span class='ocrx_word' id='word_1_181' title='bbox 647 2089 765 2167; x_wconf 86' lang='lat' dir='ltr'>aliquid</span> <span class='ocrx_word' id='word_1_182' title='bbox 787 2089 860 2154; x_wconf 91' lang='lat' dir='ltr'>boni</span> <span class='ocrx_word' id='word_1_183' title='bbox 884 2094 941 2153; x_wconf 90' lang='lat' dir='ltr'>aut</span> <span class='ocrx_word' id='word_1_184' title='bbox 962 2089 1037 2152; x_wconf 92' lang='lat' dir='ltr'>mali</span> <span class='ocrx_word' id='word_1_185' title='bbox 1060 2090 1199 2169; x_wconf 88' lang='lat' dir='ltr'>positum</span> <span class='ocrx_word' id='word_1_186' title='bbox 1223 2095 1285 2169; x_wconf 88' lang='lat' dir='ltr'>est,</span> <span class='ocrx_word' id='word_1_187' title='bbox 1317 2091 1358 2156; x_wconf 93' lang='lat' dir='ltr'>ad</span> 
     </span>
     <span class='ocr_line' id='line_1_20' title="bbox 208 2187 1357 2273; baseline -0.004 -17"><span class='ocrx_word' id='word_1_188' title='bbox 208 2207 288 2273; x_wconf 86' lang='lat' dir='ltr'>quas</span> <span class='ocrx_word' id='word_1_189' title='bbox 304 2191 409 2268; x_wconf 88' lang='lat' dir='ltr'>aliqua</span> <span class='ocrx_word' id='word_1_190' title='bbox 424 2187 506 2252; x_wconf 91' lang='lat' dir='ltr'>actio</span> <span class='ocrx_word' id='word_1_191' title='bbox 522 2192 579 2252; x_wconf 87' lang='lat' dir='ltr'>aut</span> <span class='ocrx_word' id='word_1_192' title='bbox 594 2187 731 2252; x_wconf 88' lang='lat' dir='ltr'>conditio</span> <span class='ocrx_word' id='word_1_193' title='bbox 743 2187 891 2267; x_wconf 88' lang='lat' dir='ltr'>pertinet.</span> <span class='ocrx_word' id='word_1_194' title='bbox 912 2187 1025 2251; x_wconf 88' lang='lat' dir='ltr'>Naevii</span> <span class='ocrx_word' id='word_1_195' title='bbox 1036 2188 1225 2252; x_wconf 87' lang='lat' dir='ltr'>Dementes:</span> <span class='ocrx_word' id='word_1_196' title='bbox 1241 2193 1357 2251; x_wconf 81' lang='lat' dir='ltr'>animae</span> 
     </span>
    </p>
   </div>
   <div class='ocr_carea' id='block_1_3' title="bbox 207 2282 1356 2369">
    <p class='ocr_par' dir='ltr' id='par_1_4' title="bbox 207 2282 1356 2369">
     <span class='ocr_line' id='line_1_21' title="bbox 207 2282 1356 2369; baseline -0.003 -17"><span class='ocrx_word' id='word_1_197' title='bbox 207 2293 401 2369; x_wconf 86' lang='lat' dir='ltr'>pauxillulum</span> <span class='ocrx_word' id='word_1_198' title='bbox 429 2289 463 2347; x_wconf 78' lang='lat' dir='ltr'>tu</span> <span class='ocrx_word' id='word_1_199' title='bbox 484 2305 529 2347; x_wconf 88' lang='lat' dir='ltr'>me</span> <span class='ocrx_word' id='word_1_200' title='bbox 550 2289 641 2348; x_wconf 88' lang='lat' dir='ltr'>habet</span> <span class='ocrx_word' id='word_1_201' title='bbox 670 2285 712 2360; x_wconf 84' lang='lat' dir='ltr'>(h.</span> <span class='ocrx_word' id='word_1_202' title='bbox 736 2303 762 2349; x_wconf 90' lang='lat' dir='ltr'>e.</span> <span class='ocrx_word' id='word_1_203' title='bbox 786 2283 931 2360; x_wconf 85' lang='lat' dir='ltr'>habitat).</span> <span class='ocrx_word' id='word_1_204' title='bbox 976 2282 1074 2350; x_wconf 84' lang='lat' dir='ltr'>Colax</span> <span class='ocrx_word' id='word_1_205' title='bbox 1102 2284 1140 2350; x_wconf 87' lang='lat' dir='ltr'>fr.</span> <span class='ocrx_word' id='word_1_206' title='bbox 1165 2290 1200 2349; x_wconf 85' lang='lat'>2:</span> <span class='ocrx_word' id='word_1_207' title='bbox 1237 2295 1268 2348; x_wconf 89' lang='lat' dir='ltr'>et</span> <span class='ocrx_word' id='word_1_208' title='bbox 1290 2291 1356 2350; x_wconf 92' lang='lat' dir='ltr'>volo</span> 
     </span>
    </p>
   </div>
   <div class='ocr_carea' id='block_1_4' title="bbox 203 2381 1358 4326">
    <p class='ocr_par' dir='ltr' id='par_1_5' title="bbox 203 2381 1358 4326">
     <span class='ocr_line' id='line_1_22' title="bbox 206 2381 1358 2463; baseline -0.002 -13"><span class='ocrx_word' id='word_1_209' title='bbox 206 2391 248 2450; x_wconf 89' lang='lat' dir='ltr'>Et</span> <span class='ocrx_word' id='word_1_210' title='bbox 269 2407 375 2450; x_wconf 86' lang='lat' dir='ltr'>vereor</span> <span class='ocrx_word' id='word_1_211' title='bbox 391 2395 422 2448; x_wconf 88' lang='lat' dir='ltr'>et</span> <span class='ocrx_word' id='word_1_212' title='bbox 436 2385 536 2447; x_wconf 86' lang='lat' dir='ltr'>fecere</span> <span class='ocrx_word' id='word_1_213' title='bbox 556 2387 590 2444; x_wconf 82' lang='lat' dir='ltr'>r&#39;u</span> <span class='ocrx_word' id='word_1_214' title='bbox 598 2385 737 2458; x_wconf 77' lang='lat' dir='ltr'>prolubio</span> <span class='ocrx_word' id='word_1_215' title='bbox 758 2393 812 2446; x_wconf 79' lang='lat' dir='ltr'>est.</span> <span class='ocrx_word' id='word_1_216' title='bbox 847 2383 940 2448; x_wconf 89' lang='lat' dir='ltr'>Ennii</span> <span class='ocrx_word' id='word_1_217' title='bbox 955 2381 1154 2463; x_wconf 87' lang='lat' dir='ltr'>Melanippae</span> <span class='ocrx_word' id='word_1_218' title='bbox 1168 2382 1207 2447; x_wconf 88' lang='lat' dir='ltr'>fr.</span> <span class='ocrx_word' id='word_1_219' title='bbox 1224 2388 1256 2448; x_wconf 82' lang='lat'>5:</span> <span class='ocrx_word' id='word_1_220' title='bbox 1279 2389 1358 2462; x_wconf 90' lang='lat' dir='ltr'>quod</span> 
     </span>
     <span class='ocr_line' id='line_1_23' title="bbox 206 2479 1356 2548; baseline 0.001 -2"><span class='ocrx_word' id='word_1_221' title='bbox 206 2490 242 2546; x_wconf 79' lang='lat' dir='ltr'>io</span> <span class='ocrx_word' id='word_1_222' title='bbox 262 2505 308 2546; x_wconf 84' lang='lat' dir='ltr'>me</span> <span class='ocrx_word' id='word_1_223' title='bbox 330 2492 384 2548; x_wconf 87' lang='lat' dir='ltr'>est.</span> <span class='ocrx_word' id='word_1_224' title='bbox 417 2479 590 2547; x_wconf 86' lang='lat' dir='ltr'>Erechthei</span> <span class='ocrx_word' id='word_1_225' title='bbox 604 2479 641 2544; x_wconf 89' lang='lat' dir='ltr'>fr.</span> <span class='ocrx_word' id='word_1_226' title='bbox 658 2486 692 2545; x_wconf 85' lang='lat'>8:</span> <span class='ocrx_word' id='word_1_227' title='bbox 715 2485 798 2545; x_wconf 86' lang='lat' dir='ltr'>nulla</span> <span class='ocrx_word' id='word_1_228' title='bbox 817 2485 850 2542; x_wconf 82' lang='lat' dir='ltr'>in</span> <span class='ocrx_word' id='word_1_229' title='bbox 871 2501 917 2542; x_wconf 82' lang='lat' dir='ltr'>me</span> <span class='ocrx_word' id='word_1_230' title='bbox 938 2491 985 2544; x_wconf 86' lang='lat' dir='ltr'>est</span> <span class='ocrx_word' id='word_1_231' title='bbox 1006 2492 1112 2544; x_wconf 87' lang='lat' dir='ltr'>metus.</span> <span class='ocrx_word' id='word_1_232' title='bbox 1141 2479 1245 2546; x_wconf 83' lang='lat' dir='ltr'>Plaut.</span> <span class='ocrx_word' id='word_1_233' title='bbox 1259 2482 1356 2548; x_wconf 88' lang='lat' dir='ltr'>Stich.</span> 
     </span>
     <span class='ocr_line' id='line_1_24' title="bbox 208 2577 1355 2663; baseline -0.004 -17"><span class='ocrx_word' id='word_1_234' title='bbox 208 2581 267 2663; x_wconf 94' lang='grc' dir='ltr'>ΙΙΙ,</span> <span class='ocrx_word' id='word_1_235' title='bbox 294 2587 321 2661; x_wconf 93' lang='grc'>1,</span> <span class='ocrx_word' id='word_1_236' title='bbox 345 2585 399 2646; x_wconf 82' lang='lat'>32:</span> <span class='ocrx_word' id='word_1_237' title='bbox 426 2584 476 2642; x_wconf 90' lang='lat' dir='ltr'>Me</span> <span class='ocrx_word' id='word_1_238' title='bbox 498 2583 532 2642; x_wconf 82' lang='lat' dir='ltr'>c&#39;o</span> <span class='ocrx_word' id='word_1_239' title='bbox 553 2583 640 2656; x_wconf 71' lang='lat' dir='ltr'>rubro</span> <span class='ocrx_word' id='word_1_240' title='bbox 662 2581 777 2643; x_wconf 89' lang='lat' dir='ltr'>habeto.</span> <span class='ocrx_word' id='word_1_241' title='bbox 816 2579 914 2644; x_wconf 86' lang='lat' dir='ltr'>Most.</span> <span class='ocrx_word' id='word_1_242' title='bbox 942 2577 968 2659; x_wconf 95' lang='grc' dir='ltr'>Ι,</span> <span class='ocrx_word' id='word_1_243' title='bbox 989 2585 1021 2657; x_wconf 89' lang='grc'>4,</span> <span class='ocrx_word' id='word_1_244' title='bbox 1047 2584 1102 2643; x_wconf 85' lang='lat'>15:</span> <span class='ocrx_word' id='word_1_245' title='bbox 1126 2581 1178 2641; x_wconf 86' lang='lat' dir='ltr'>Set</span> <span class='ocrx_word' id='word_1_246' title='bbox 1203 2581 1253 2657; x_wconf 90' lang='lat' dir='ltr'>[ne</span> <span class='ocrx_word' id='word_1_247' title='bbox 1277 2581 1355 2658; x_wconf 88' lang='lat' dir='ltr'>sine]</span> 
     </span>
     <span class='ocr_line' id='line_1_25' title="bbox 207 2677 1355 2758; baseline -0.002 -15"><span class='ocrx_word' id='word_1_248' title='bbox 207 2685 264 2743; x_wconf 92' lang='lat' dir='ltr'>hoc</span> <span class='ocrx_word' id='word_1_249' title='bbox 287 2683 365 2758; x_wconf 87' lang='lat' dir='ltr'>quod</span> <span class='ocrx_word' id='word_1_250' title='bbox 386 2682 426 2742; x_wconf 93' lang='lat' dir='ltr'>mi</span> <span class='ocrx_word' id='word_1_251' title='bbox 447 2682 481 2739; x_wconf 82' lang='lat' dir='ltr'>iu</span> <span class='ocrx_word' id='word_1_252' title='bbox 503 2687 631 2741; x_wconf 73' lang='lat' dir='ltr'>marest.</span> <span class='ocrx_word' id='word_1_253' title='bbox 656 2719 658 2724; x_wconf 68' lang='lat'>,</span> <span class='ocrx_word' id='word_1_254' title='bbox 676 2677 773 2743; x_wconf 89' lang='lat' dir='ltr'>Merc.</span> <span class='ocrx_word' id='word_1_255' title='bbox 789 2696 818 2743; x_wconf 83' lang='lat' dir='ltr'>u.</span> <span class='ocrx_word' id='word_1_256' title='bbox 830 2684 910 2743; x_wconf 83' lang='lat'>454:</span> <span class='ocrx_word' id='word_1_257' title='bbox 934 2681 1010 2753; x_wconf 79' lang='lat' dir='ltr'>Quia</span> <span class='ocrx_word' id='word_1_258' title='bbox 1032 2681 1077 2738; x_wconf 93' lang='lat' dir='ltr'>illi</span> <span class='ocrx_word' id='word_1_259' title='bbox 1099 2697 1180 2740; x_wconf 88' lang='lat' dir='ltr'>suam</span> <span class='ocrx_word' id='word_1_260' title='bbox 1203 2699 1265 2741; x_wconf 91' lang='lat' dir='ltr'>rem</span> <span class='ocrx_word' id='word_1_261' title='bbox 1288 2698 1355 2742; x_wconf 86' lang='lat' dir='ltr'>esse</span> 
     </span>
     <span class='ocr_line' id='line_1_26' title="bbox 207 2773 1353 2856; baseline -0.001 -15"><span class='ocrx_word' id='word_1_262' title='bbox 207 2787 360 2856; x_wconf 86' lang='lat' dir='ltr'>aequomst</span> <span class='ocrx_word' id='word_1_263' title='bbox 382 2781 415 2838; x_wconf 82' lang='lat' dir='ltr'>ta</span> <span class='ocrx_word' id='word_1_264' title='bbox 435 2797 535 2841; x_wconf 74' lang='lat' dir='ltr'>morou.</span> <span class='ocrx_word' id='word_1_265' title='bbox 579 2775 639 2855; x_wconf 93' lang='lat' dir='ltr'>III,</span> <span class='ocrx_word' id='word_1_266' title='bbox 661 2781 693 2856; x_wconf 87' lang='lat'>4,</span> <span class='ocrx_word' id='word_1_267' title='bbox 716 2781 774 2842; x_wconf 78' lang='lat'>43:</span> <span class='ocrx_word' id='word_1_268' title='bbox 807 2780 863 2839; x_wconf 89' lang='lat' dir='ltr'>tibi</span> <span class='ocrx_word' id='word_1_269' title='bbox 888 2779 922 2836; x_wconf 76' lang='lat' dir='ltr'>tu</span> <span class='ocrx_word' id='word_1_270' title='bbox 949 2783 1079 2837; x_wconf 76' lang='lat' dir='ltr'>mouere.</span> <span class='ocrx_word' id='word_1_271' title='bbox 1123 2773 1216 2839; x_wconf 92' lang='lat' dir='ltr'>Most.</span> <span class='ocrx_word' id='word_1_272' title='bbox 1239 2774 1298 2855; x_wconf 96' lang='grc' dir='ltr'>ΙΙΙ,</span> <span class='ocrx_word' id='word_1_273' title='bbox 1325 2782 1353 2856; x_wconf 93' lang='grc'>1,</span> 
     </span>
     <span class='ocr_line' id='line_1_27' title="bbox 207 2873 1353 2955; baseline -0.004 -14"><span class='ocrx_word' id='word_1_274' title='bbox 207 2879 263 2940; x_wconf 83' lang='lat'>66:</span> <span class='ocrx_word' id='word_1_275' title='bbox 286 2895 356 2954; x_wconf 80' lang='lat' dir='ltr'>ogas</span> <span class='ocrx_word' id='word_1_276' title='bbox 379 2879 457 2952; x_wconf 91' lang='lat' dir='ltr'>quud</span> <span class='ocrx_word' id='word_1_277' title='bbox 477 2879 511 2936; x_wconf 84' lang='lat' dir='ltr'>iu</span> <span class='ocrx_word' id='word_1_278' title='bbox 531 2884 660 2938; x_wconf 78' lang='lat' dir='ltr'>monost.</span> <span class='ocrx_word' id='word_1_279' title='bbox 706 2873 796 2955; x_wconf 82' lang='lat' dir='ltr'>Cepi.</span> <span class='ocrx_word' id='word_1_280' title='bbox 812 2875 838 2954; x_wconf 93' lang='lat' dir='ltr'>I,</span> <span class='ocrx_word' id='word_1_281' title='bbox 862 2879 891 2954; x_wconf 85' lang='lat'>2,</span> <span class='ocrx_word' id='word_1_282' title='bbox 914 2878 969 2939; x_wconf 85' lang='lat'>40:</span> <span class='ocrx_word' id='word_1_283' title='bbox 993 2891 1069 2950; x_wconf 89' lang='lat' dir='ltr'>quae</span> <span class='ocrx_word' id='word_1_284' title='bbox 1090 2874 1125 2932; x_wconf 82' lang='lat' dir='ltr'>to</span> <span class='ocrx_word' id='word_1_285' title='bbox 1141 2878 1281 2947; x_wconf 79' lang='lat' dir='ltr'>potestate</span> <span class='ocrx_word' id='word_1_286' title='bbox 1300 2878 1353 2936; x_wconf 83' lang='lat' dir='ltr'>ha·</span> 
     </span>
     <span class='ocr_line' id='line_1_28' title="bbox 206 2971 1354 3048; baseline 0 -10"><span class='ocrx_word' id='word_1_287' title='bbox 206 2977 329 3038; x_wconf 90' lang='lat' dir='ltr'>buimus.</span> <span class='ocrx_word' id='word_1_288' title='bbox 375 2971 470 3038; x_wconf 88' lang='lat' dir='ltr'>Most.</span> <span class='ocrx_word' id='word_1_289' title='bbox 493 2993 522 3038; x_wconf 89' lang='lat' dir='ltr'>v.</span> <span class='ocrx_word' id='word_1_290' title='bbox 545 2979 622 3038; x_wconf 75' lang='lat'>134:</span> <span class='ocrx_word' id='word_1_291' title='bbox 653 2977 694 3036; x_wconf 83' lang='lat' dir='ltr'>Iu</span> <span class='ocrx_word' id='word_1_292' title='bbox 715 2973 867 3036; x_wconf 85' lang='lat' dir='ltr'>fabrorum</span> <span class='ocrx_word' id='word_1_293' title='bbox 883 2977 1027 3048; x_wconf 81' lang='lat' dir='ltr'>potestate</span> <span class='ocrx_word' id='word_1_294' title='bbox 1053 2974 1121 3033; x_wconf 91' lang='lat' dir='ltr'>dum</span> <span class='ocrx_word' id='word_1_295' title='bbox 1143 2971 1193 3033; x_wconf 90' lang='lat' dir='ltr'>fui.</span> <span class='ocrx_word' id='word_1_296' title='bbox 1238 2971 1354 3038; x_wconf 82' lang='lat' dir='ltr'>Pseud.</span> 
     </span>
     <span class='ocr_line' id='line_1_29' title="bbox 205 3068 1354 3152; baseline -0.003 -16"><span class='ocrx_word' id='word_1_297' title='bbox 205 3071 231 3152; x_wconf 94' lang='lat' dir='ltr'>I,</span> <span class='ocrx_word' id='word_1_298' title='bbox 250 3078 276 3149; x_wconf 95' lang='lat' dir='ltr'>l,</span> <span class='ocrx_word' id='word_1_299' title='bbox 293 3077 347 3136; x_wconf 80' lang='lat'>59:</span> <span class='ocrx_word' id='word_1_300' title='bbox 370 3075 429 3134; x_wconf 89' lang='lat' dir='ltr'>nisi</span> <span class='ocrx_word' id='word_1_301' title='bbox 451 3073 522 3148; x_wconf 90' lang='lat' dir='ltr'>quid</span> <span class='ocrx_word' id='word_1_302' title='bbox 537 3075 577 3132; x_wconf 88' lang='lat' dir='ltr'>mi</span> <span class='ocrx_word' id='word_1_303' title='bbox 593 3075 626 3132; x_wconf 82' lang='lat' dir='ltr'>iu</span> <span class='ocrx_word' id='word_1_304' title='bbox 646 3074 693 3132; x_wconf 80' lang='lat' dir='ltr'>ted</span> <span class='ocrx_word' id='word_1_305' title='bbox 714 3079 760 3133; x_wconf 87' lang='lat' dir='ltr'>est</span> <span class='ocrx_word' id='word_1_306' title='bbox 775 3074 876 3132; x_wconf 88' lang='lat' dir='ltr'>auxili.</span> <span class='ocrx_word' id='word_1_307' title='bbox 912 3068 1025 3150; x_wconf 82' lang='lat' dir='ltr'>Amph.</span> <span class='ocrx_word' id='word_1_308' title='bbox 1041 3068 1067 3146; x_wconf 93' lang='grc' dir='ltr'>Ι,</span> <span class='ocrx_word' id='word_1_309' title='bbox 1086 3073 1113 3148; x_wconf 94' lang='lat' dir='ltr'>l,</span> <span class='ocrx_word' id='word_1_310' title='bbox 1132 3073 1205 3132; x_wconf 86' lang='lat'>109:</span> <span class='ocrx_word' id='word_1_311' title='bbox 1230 3072 1354 3144; x_wconf 81' lang='lat' dir='ltr'>Quando</span> 
     </span>
     <span class='ocr_line' id='line_1_30' title="bbox 204 3167 1352 3247; baseline -0.003 -17"><span class='ocrx_word' id='word_1_312' title='bbox 204 3173 331 3246; x_wconf 88' lang='lat' dir='ltr'>imagost</span> <span class='ocrx_word' id='word_1_313' title='bbox 352 3172 438 3232; x_wconf 91' lang='lat' dir='ltr'>huius</span> <span class='ocrx_word' id='word_1_314' title='bbox 460 3173 495 3230; x_wconf 82' lang='lat' dir='ltr'>c&#39;rt</span> <span class='ocrx_word' id='word_1_315' title='bbox 514 3187 568 3231; x_wconf 81' lang='lat' dir='ltr'>rue.</span> <span class='ocrx_word' id='word_1_316' title='bbox 611 3167 724 3233; x_wconf 86' lang='lat' dir='ltr'>Pseud.</span> <span class='ocrx_word' id='word_1_317' title='bbox 746 3167 803 3247; x_wconf 91' lang='lat' dir='ltr'>IV,</span> <span class='ocrx_word' id='word_1_318' title='bbox 832 3173 860 3246; x_wconf 84' lang='lat'>7,</span> <span class='ocrx_word' id='word_1_319' title='bbox 892 3173 926 3231; x_wconf 84' lang='lat'>7:</span> <span class='ocrx_word' id='word_1_320' title='bbox 959 3171 1023 3230; x_wconf 84' lang='lat' dir='ltr'>Nec</span> <span class='ocrx_word' id='word_1_321' title='bbox 1050 3171 1120 3229; x_wconf 91' lang='lat' dir='ltr'>boni</span> <span class='ocrx_word' id='word_1_322' title='bbox 1146 3171 1246 3244; x_wconf 87' lang='lat' dir='ltr'>ingeni</span> <span class='ocrx_word' id='word_1_323' title='bbox 1271 3170 1352 3244; x_wconf 87' lang='lat' dir='ltr'>quic·</span> 
     </span>
     <span class='ocr_line' id='line_1_31' title="bbox 205 3265 1351 3343; baseline -0.001 -16"><span class='ocrx_word' id='word_1_324' title='bbox 205 3286 291 3343; x_wconf 88' lang='lat' dir='ltr'>quam</span> <span class='ocrx_word' id='word_1_325' title='bbox 314 3268 348 3326; x_wconf 80' lang='lat' dir='ltr'>ior</span> <span class='ocrx_word' id='word_1_326' title='bbox 368 3269 395 3328; x_wconf 85' lang='lat' dir='ltr'>c‘s</span> <span class='ocrx_word' id='word_1_327' title='bbox 416 3271 504 3329; x_wconf 89' lang='lat' dir='ltr'>inest.</span> <span class='ocrx_word' id='word_1_328' title='bbox 549 3265 645 3331; x_wconf 81' lang='lat' dir='ltr'>Stich.</span> <span class='ocrx_word' id='word_1_329' title='bbox 669 3285 697 3330; x_wconf 82' lang='lat' dir='ltr'>v.</span> <span class='ocrx_word' id='word_1_330' title='bbox 722 3271 801 3332; x_wconf 81' lang='lat'><strong>322:</strong></span> <span class='ocrx_word' id='word_1_331' title='bbox 832 3269 863 3327; x_wconf 86' lang='lat' dir='ltr'>Si</span> <span class='ocrx_word' id='word_1_332' title='bbox 877 3267 918 3325; x_wconf 84' lang='lat' dir='ltr'>e&#39;u</span> <span class='ocrx_word' id='word_1_333' title='bbox 940 3271 966 3326; x_wconf 83' lang='lat' dir='ltr'>te</span> <span class='ocrx_word' id='word_1_334' title='bbox 987 3266 1086 3326; x_wconf 89' lang='lat' dir='ltr'>Pudor</span> <span class='ocrx_word' id='word_1_335' title='bbox 1107 3267 1199 3340; x_wconf 87' lang='lat' dir='ltr'>adsit,</span> <span class='ocrx_word' id='word_1_336' title='bbox 1225 3285 1282 3328; x_wconf 92' lang='lat' dir='ltr'>non</span> <span class='ocrx_word' id='word_1_337' title='bbox 1305 3283 1351 3326; x_wconf 90' lang='lat' dir='ltr'>me</span> 
     </span>
     <span class='ocr_line' id='line_1_32' title="bbox 205 3363 1353 3443; baseline 0.001 -19"><span class='ocrx_word' id='word_1_338' title='bbox 205 3367 351 3440; x_wconf 82' lang='lat' dir='ltr'>appelles.</span> <span class='ocrx_word' id='word_1_339' title='bbox 394 3363 508 3428; x_wconf 90' lang='lat' dir='ltr'>Pseud.</span> <span class='ocrx_word' id='word_1_340' title='bbox 525 3363 551 3443; x_wconf 95' lang='grc' dir='ltr'>Ι,</span> <span class='ocrx_word' id='word_1_341' title='bbox 573 3369 600 3443; x_wconf 93' lang='lat' dir='ltr'>l,</span> <span class='ocrx_word' id='word_1_342' title='bbox 624 3369 678 3430; x_wconf 82' lang='lat'>69:</span> <span class='ocrx_word' id='word_1_343' title='bbox 701 3368 767 3427; x_wconf 86' lang='lat' dir='ltr'>Nisi</span> <span class='ocrx_word' id='word_1_344' title='bbox 789 3383 865 3442; x_wconf 86' lang='lat' dir='ltr'>quae</span> <span class='ocrx_word' id='word_1_345' title='bbox 886 3367 927 3426; x_wconf 89' lang='lat' dir='ltr'>mi</span> <span class='ocrx_word' id='word_1_346' title='bbox 948 3365 982 3422; x_wconf 82' lang='lat' dir='ltr'>iu</span> <span class='ocrx_word' id='word_1_347' title='bbox 1004 3364 1052 3426; x_wconf 82' lang='lat' dir='ltr'>ted</span> <span class='ocrx_word' id='word_1_348' title='bbox 1066 3371 1120 3425; x_wconf 90' lang='lat' dir='ltr'>-est</span> <span class='ocrx_word' id='word_1_349' title='bbox 1142 3373 1194 3429; x_wconf 88' lang='lat' dir='ltr'>aut</span> <span class='ocrx_word' id='word_1_350' title='bbox 1215 3366 1298 3426; x_wconf 81' lang='lat' dir='ltr'>tibist</span> <span class='ocrx_word' id='word_1_351' title='bbox 1318 3368 1353 3425; x_wconf 83' lang='lat' dir='ltr'>e&#39;u</span> 
     </span>
     <span class='ocr_line' id='line_1_33' title="bbox 204 3460 1351 3539; baseline 0.006 -18"><span class='ocrx_word' id='word_1_352' title='bbox 204 3479 251 3522; x_wconf 83' lang='lat' dir='ltr'>me</span> <span class='ocrx_word' id='word_1_353' title='bbox 272 3466 361 3524; x_wconf 85' lang='lat' dir='ltr'>salua.</span> <span class='ocrx_word' id='word_1_354' title='bbox 397 3480 425 3525; x_wconf 92' lang='lat' dir='ltr'>v.</span> <span class='ocrx_word' id='word_1_355' title='bbox 439 3464 514 3526; x_wconf 83' lang='lat'>109:</span> <span class='ocrx_word' id='word_1_356' title='bbox 535 3464 577 3523; x_wconf 83' lang='lat' dir='ltr'>Iu</span> <span class='ocrx_word' id='word_1_357' title='bbox 591 3467 617 3523; x_wconf 85' lang='lat' dir='ltr'>te</span> <span class='ocrx_word' id='word_1_358' title='bbox 631 3482 708 3524; x_wconf 92' lang='lat' dir='ltr'>nuuc</span> <span class='ocrx_word' id='word_1_359' title='bbox 721 3482 822 3526; x_wconf 88' lang='lat' dir='ltr'>omnes</span> <span class='ocrx_word' id='word_1_360' title='bbox 839 3482 907 3539; x_wconf 86' lang='lat' dir='ltr'>spes</span> <span class='ocrx_word' id='word_1_361' title='bbox 920 3469 988 3524; x_wconf 89' lang='lat' dir='ltr'>sunt</span> <span class='ocrx_word' id='word_1_362' title='bbox 1003 3465 1096 3523; x_wconf 81' lang='lat' dir='ltr'>astuti</span> <span class='ocrx_word' id='word_1_363' title='bbox 1110 3480 1203 3525; x_wconf 88' lang='lat' dir='ltr'>meae.</span> <span class='ocrx_word' id='word_1_364' title='bbox 1236 3460 1351 3528; x_wconf 88' lang='lat' dir='ltr'>Pseud.</span> 
     </span>
     <span class='ocr_line' id='line_1_34' title="bbox 203 3557 1352 3639; baseline 0.002 -17"><span class='ocrx_word' id='word_1_365' title='bbox 203 3577 233 3622; x_wconf 88' lang='lat' dir='ltr'>v.</span> <span class='ocrx_word' id='word_1_366' title='bbox 258 3561 354 3623; x_wconf 83' lang='lat'>1292:</span> <span class='ocrx_word' id='word_1_367' title='bbox 378 3561 462 3637; x_wconf 88' lang='lat' dir='ltr'>siqua</span> <span class='ocrx_word' id='word_1_368' title='bbox 482 3561 516 3619; x_wconf 81' lang='lat' dir='ltr'>iu</span> <span class='ocrx_word' id='word_1_369' title='bbox 537 3563 591 3622; x_wconf 83' lang='lat' dir='ltr'>tec</span> <span class='ocrx_word' id='word_1_370' title='bbox 612 3579 680 3638; x_wconf 87' lang='lat' dir='ltr'>spes</span> <span class='ocrx_word' id='word_1_371' title='bbox 708 3564 795 3623; x_wconf 89' lang='lat' dir='ltr'>sitast</span> <span class='ocrx_word' id='word_1_372' title='bbox 816 3563 896 3622; x_wconf 89' lang='lat' dir='ltr'>mihi.</span> <span class='ocrx_word' id='word_1_373' title='bbox 939 3557 1145 3638; x_wconf 81' lang='lat' dir='ltr'>Pers.11,5‚</span> <span class='ocrx_word' id='word_1_374' title='bbox 1169 3564 1203 3624; x_wconf 84' lang='lat'>9:</span> <span class='ocrx_word' id='word_1_375' title='bbox 1233 3563 1352 3639; x_wconf 84' lang='lat' dir='ltr'>Ecquid</span> 
     </span>
     <span class='ocr_line' id='line_1_35' title="bbox 206 3656 1349 3736; baseline 0.002 -18"><span class='ocrx_word' id='word_1_376' title='bbox 206 3689 245 3702; x_wconf 92' lang='lat'><em>-</em></span> <span class='ocrx_word' id='word_1_377' title='bbox 269 3665 316 3719; x_wconf 90' lang='lat' dir='ltr'>est</span> <span class='ocrx_word' id='word_1_378' title='bbox 338 3673 415 3718; x_wconf 92' lang='lat' dir='ltr'>nunc</span> <span class='ocrx_word' id='word_1_379' title='bbox 438 3660 577 3734; x_wconf 86' lang='lat' dir='ltr'>speculae</span> <span class='ocrx_word' id='word_1_380' title='bbox 598 3661 632 3718; x_wconf 76' lang='lat' dir='ltr'>iu</span> <span class='ocrx_word' id='word_1_381' title='bbox 654 3661 702 3720; x_wconf 78' lang='lat' dir='ltr'>tc?</span> <span class='ocrx_word' id='word_1_382' title='bbox 745 3656 1054 3736; x_wconf 66' lang='lat' dir='ltr'>Bacchidem:</span> <span class='ocrx_word' id='word_1_383' title='bbox 1078 3659 1156 3734; x_wconf 88' lang='lat' dir='ltr'>quod</span> <span class='ocrx_word' id='word_1_384' title='bbox 1177 3661 1213 3719; x_wconf 78' lang='lat' dir='ltr'>iu</span> <span class='ocrx_word' id='word_1_385' title='bbox 1233 3678 1263 3722; x_wconf 87' lang='lat' dir='ltr'>se</span> <span class='ocrx_word' id='word_1_386' title='bbox 1284 3661 1349 3721; x_wconf 91' lang='lat' dir='ltr'>fuit.</span> 
     </span>
     <span class='ocr_line' id='line_1_36' title="bbox 203 3752 1352 3832; baseline 0 -14"><span class='ocrx_word' id='word_1_387' title='bbox 203 3752 298 3819; x_wconf 90' lang='lat' dir='ltr'>Most.</span> <span class='ocrx_word' id='word_1_388' title='bbox 318 3771 347 3818; x_wconf 81' lang='lat' dir='ltr'>v,</span> <span class='ocrx_word' id='word_1_389' title='bbox 364 3757 442 3818; x_wconf 81' lang='lat'><strong>237:</strong></span> <span class='ocrx_word' id='word_1_390' title='bbox 464 3755 506 3814; x_wconf 81' lang='lat' dir='ltr'>In</span> <span class='ocrx_word' id='word_1_391' title='bbox 527 3760 553 3816; x_wconf 79' lang='lat' dir='ltr'>te</span> <span class='ocrx_word' id='word_1_392' title='bbox 574 3757 676 3819; x_wconf 86' lang='lat' dir='ltr'>hercle</span> <span class='ocrx_word' id='word_1_393' title='bbox 699 3764 842 3821; x_wconf 89' lang='lat' dir='ltr'>certumst</span> <span class='ocrx_word' id='word_1_394' title='bbox 858 3758 1003 3831; x_wconf 64' lang='lat' dir='ltr'>genepe,</span> <span class='ocrx_word' id='word_1_395' title='bbox 1026 3764 1059 3817; x_wconf 87' lang='lat' dir='ltr'>ut</span> <span class='ocrx_word' id='word_1_396' title='bbox 1082 3757 1137 3817; x_wconf 89' lang='lat' dir='ltr'>sim</span> <span class='ocrx_word' id='word_1_397' title='bbox 1158 3775 1277 3832; x_wconf 89' lang='lat' dir='ltr'>parcus,</span> <span class='ocrx_word' id='word_1_398' title='bbox 1301 3775 1352 3818; x_wconf 83' lang='lat' dir='ltr'>ex·</span> 
     </span>
     <span class='ocr_line' id='line_1_37' title="bbox 203 3850 1351 3931; baseline 0.001 -17"><span class='ocrx_word' id='word_1_399' title='bbox 203 3855 306 3930; x_wconf 88' lang='lat' dir='ltr'>periri.</span> <span class='ocrx_word' id='word_1_400' title='bbox 351 3850 439 3916; x_wconf 90' lang='lat' dir='ltr'>Pers.</span> <span class='ocrx_word' id='word_1_401' title='bbox 463 3870 495 3931; x_wconf 76' lang='lat' dir='ltr'>u.</span> <span class='ocrx_word' id='word_1_402' title='bbox 516 3855 593 3916; x_wconf 83' lang='lat'>552:</span> <span class='ocrx_word' id='word_1_403' title='bbox 627 3857 707 3916; x_wconf 88' lang='lat' dir='ltr'>Haut</span> <span class='ocrx_word' id='word_1_404' title='bbox 734 3857 818 3931; x_wconf 86' lang='lat' dir='ltr'>potui</span> <span class='ocrx_word' id='word_1_405' title='bbox 840 3858 929 3916; x_wconf 89' lang='lat' dir='ltr'>etiam</span> <span class='ocrx_word' id='word_1_406' title='bbox 950 3856 984 3914; x_wconf 83' lang='lat' dir='ltr'>e&#39;u</span> <span class='ocrx_word' id='word_1_407' title='bbox 1000 3855 1100 3928; x_wconf 71' lang='lat' dir='ltr'>proteo</span> <span class='ocrx_word' id='word_1_408' title='bbox 1121 3857 1208 3914; x_wconf 80' lang='lat' dir='ltr'>uerbo</span> <span class='ocrx_word' id='word_1_409' title='bbox 1233 3858 1351 3930; x_wconf 87' lang='lat' dir='ltr'>perspi-</span> 
     </span>
     <span class='ocr_line' id='line_1_38' title="bbox 205 3947 1351 4030; baseline 0 -20"><span class='ocrx_word' id='word_1_410' title='bbox 205 3967 274 4012; x_wconf 90' lang='lat' dir='ltr'>cere</span> <span class='ocrx_word' id='word_1_411' title='bbox 298 3953 361 4012; x_wconf 90' lang='lat' dir='ltr'>eius</span> <span class='ocrx_word' id='word_1_412' title='bbox 385 3952 571 4026; x_wconf 74' lang='lat' dir='ltr'>sapientiam.</span> <span class='ocrx_word' id='word_1_413' title='bbox 615 3947 707 4016; x_wconf 82' lang='lat' dir='ltr'>Gaee.</span> <span class='ocrx_word' id='word_1_414' title='bbox 731 3950 810 4016; x_wconf 77' lang='lat' dir='ltr'>suat.</span> <span class='ocrx_word' id='word_1_415' title='bbox 840 3948 1118 4030; x_wconf 81' lang='lat' dir='ltr'>inefabfragm.</span> <span class='ocrx_word' id='word_1_416' title='bbox 1141 3953 1250 4029; x_wconf 53' lang='lat' dir='ltr'>115,v.</span> <span class='ocrx_word' id='word_1_417' title='bbox 1273 3955 1351 4016; x_wconf 84' lang='lat'>261:</span> 
     </span>
     <span class='ocr_line' id='line_1_39' title="bbox 204 4047 1352 4128; baseline 0.003 -20"><span class='ocrx_word' id='word_1_418' title='bbox 204 4050 288 4110; x_wconf 89' lang='lat' dir='ltr'>cuius</span> <span class='ocrx_word' id='word_1_419' title='bbox 308 4051 342 4108; x_wconf 79' lang='lat' dir='ltr'>iu</span> <span class='ocrx_word' id='word_1_420' title='bbox 358 4066 456 4110; x_wconf 77' lang='lat' dir='ltr'>mauu</span> <span class='ocrx_word' id='word_1_421' title='bbox 469 4050 525 4112; x_wconf 80' lang='lat' dir='ltr'>sit.</span> <span class='ocrx_word' id='word_1_422' title='bbox 568 4047 741 4128; x_wconf 84' lang='lat' dir='ltr'>Ephesius:</span> <span class='ocrx_word' id='word_1_423' title='bbox 775 4054 847 4111; x_wconf 90' lang='lat' dir='ltr'>Tum</span> <span class='ocrx_word' id='word_1_424' title='bbox 869 4053 1004 4127; x_wconf 87' lang='lat' dir='ltr'>equidem</span> <span class='ocrx_word' id='word_1_425' title='bbox 1026 4052 1060 4110; x_wconf 79' lang='lat' dir='ltr'>iu</span> <span class='ocrx_word' id='word_1_426' title='bbox 1080 4053 1194 4111; x_wconf 71' lang='lat' dir='ltr'>reuda</span> <span class='ocrx_word' id='word_1_427' title='bbox 1220 4051 1276 4111; x_wconf 92' lang='lat' dir='ltr'>hoc</span> <span class='ocrx_word' id='word_1_428' title='bbox 1295 4052 1352 4112; x_wconf 82' lang='lat' dir='ltr'>&#39;de-</span> 
     </span>
     <span class='ocr_line' id='line_1_40' title="bbox 203 4149 1350 4226; baseline 0.005 -21"><span class='ocrx_word' id='word_1_429' title='bbox 203 4151 275 4220; x_wconf 89' lang='lat' dir='ltr'>puto</span> <span class='ocrx_word' id='word_1_430' title='bbox 298 4149 507 4226; x_wconf 86' lang='lat' dir='ltr'>miserrimum,</span> <span class='ocrx_word' id='word_1_431' title='bbox 541 4149 658 4209; x_wconf 86' lang='lat' dir='ltr'>Sentire</span> <span class='ocrx_word' id='word_1_432' title='bbox 688 4167 724 4210; x_wconf 89' lang='lat' dir='ltr'>ea</span> <span class='ocrx_word' id='word_1_433' title='bbox 751 4157 850 4212; x_wconf 87' lang='lat' dir='ltr'>aetate</span> <span class='ocrx_word' id='word_1_434' title='bbox 880 4152 976 4224; x_wconf 91' lang='lat' dir='ltr'>ipsum</span> <span class='ocrx_word' id='word_1_435' title='bbox 1003 4165 1069 4209; x_wconf 83' lang='lat' dir='ltr'>esre</span> <span class='ocrx_word' id='word_1_436' title='bbox 1096 4149 1229 4210; x_wconf 87' lang='lat' dir='ltr'>odiosum</span> <span class='ocrx_word' id='word_1_437' title='bbox 1252 4151 1350 4211; x_wconf 81' lang='lat' dir='ltr'>elteri.</span> 
     </span>
     <span class='ocr_line' id='line_1_41' title="bbox 204 4240 1350 4326; baseline 0.003 -21"><span class='ocrx_word' id='word_1_438' title='bbox 204 4240 331 4307; x_wconf 87' lang='lat' dir='ltr'>Terent.</span> <span class='ocrx_word' id='word_1_439' title='bbox 348 4242 428 4309; x_wconf 86' lang='lat' dir='ltr'>Eun.</span> <span class='ocrx_word' id='word_1_440' title='bbox 445 4242 471 4325; x_wconf 85' lang='lat'>1,</span> <span class='ocrx_word' id='word_1_441' title='bbox 496 4249 522 4325; x_wconf 96' lang='lat' dir='ltr'>l,</span> <span class='ocrx_word' id='word_1_442' title='bbox 542 4250 596 4310; x_wconf 87' lang='lat'>14:</span> <span class='ocrx_word' id='word_1_443' title='bbox 619 4246 660 4306; x_wconf 81' lang='lat' dir='ltr'>Iu</span> <span class='ocrx_word' id='word_1_444' title='bbox 675 4265 774 4310; x_wconf 74' lang='lat' dir='ltr'>mucre</span> <span class='ocrx_word' id='word_1_445' title='bbox 789 4248 863 4309; x_wconf 86' lang='lat' dir='ltr'>haec</span> <span class='ocrx_word' id='word_1_446' title='bbox 879 4248 977 4307; x_wconf 89' lang='lat' dir='ltr'>omnia</span> <span class='ocrx_word' id='word_1_447' title='bbox 991 4248 1091 4307; x_wconf 88' lang='lat' dir='ltr'>insunt</span> <span class='ocrx_word' id='word_1_448' title='bbox 1106 4247 1185 4308; x_wconf 83' lang='lat' dir='ltr'>uitia.</span> <span class='ocrx_word' id='word_1_449' title='bbox 1215 4244 1350 4326; x_wconf 77' lang='lat' dir='ltr'>Adelph.</span> 
     </span>
    </p>
   </div>
   <div class='ocr_carea' id='block_1_5' title="bbox 0 0 1534 4766">
    <p class='ocr_par' dir='ltr' id='par_1_6' title="bbox 0 0 1534 4766">
     <span class='ocr_line' id='line_1_42' title="bbox 0 0 1534 4766; baseline 0 3"><span class='ocrx_word' id='word_1_450' title='bbox 0 0 1534 4766; x_wconf 95' lang='lat' dir='ltr'> </span> 
     </span>
    </p>
   </div>
  </div>
 </body>
</html>
