3064 4754
493 253 582 293 GASUS
597 253 870 294 snasrlnnivonnri.
886 275 910 284 -
922 255 1059 295 AGGUSAT.
1272 265 1334 322 219

175 425 195 487 l.
219 423 291 503 VII,
312 421 351 488 ir.
377 429 425 505 io,
448 443 476 489 v.
501 429 581 491 241:
618 445 759 502 megaera
781 445 848 487 eum
870 431 966 490 lassus
990 429 1049 489 diei
1076 430 1196 490 Partem
1218 427 1335 490 inisset.

176 525 195 588 l.
219 523 258 601 X,
281 519 319 586 fr.
344 527 379 586 5:
419 525 581 586 Sollicitari
604 533 634 586 te
658 527 724 586 Tite
749 527 792 585 ric
813 529 968 602 maciesque
990 528 1118 602 diesque.
1164 523 1336 588 Alexandri

175 617 212 682 fr.
236 623 266 699 8,
289 636 318 684 v.
335 623 392 683 86:
416 624 529 682 Malas
552 625 754 683 aaaoslatuit.
777 619 1000 686 Andromacha
1011 620 1220 686 aochmdotis
1242 620 1281 685 fr.
1300 627 1334 685 3:

176 720 399 780 ennoematice
421 751 463 762 -
485 722 601 780 Bellum
625 728 774 794 gerentes.
818 717 923 783 Plaut.
947 719 1035 784 Pers.
1066 717 1092 798 I,
1120 724 1146 797 l,
1169 720 1336 782 21:1³im·

175 818 274 877 ealam
296 835 409 877 animm
431 819 488 877 Fui
509 817 715 892 praeferratue
737 824 810 892 aput
837 820 931 878 molas
955 820 1091 878 tribunus
1120 820 1281 893 vapularis.
1307 820 1335 894 3,

178 918 233 977 36:
256 915 287 974 id
314 919 405 974 teiam
427 916 565 990 procedit
587 915 671 974 diem.
696 911 785 976 Pera.
810 930 838 976 v.
865 917 941 977 172:
965 917 1041 975 Nam
1065 917 1201 991 equidem
1223 921 1254 974 te
1277 916 1336 975 iam

179 1019 279 1072 sector
302 1013 439 1084 quietam
461 1013 540 1072 bace
562 1029 683 1074 cacum.
716 1008 772 1088 IV,
795 1014 825 1088 4,
850 1014 906 1072 76:
937 1014 1104 1088 Numquam
1132 1013 1234 1072 hercle
1258 1013 1338 1071 barac

180 1127 305 1170 mensem
327 1112 494 1181 vertentem
520 1111 620 1182 credo,
645 1110 769 1170 servibit
791 1109 855 1171 tibi.
901 1106 999 1172 Marc.
1022 1126 1052 1169 v.
1078 1111 1131 1170 46:
1160 1110 1335 1182 obiurigare

178 1215 267 1282 pater
290 1208 366 1267 baec
388 1211 486 1267 aoeies
509 1213 540 1266 et
561 1207 631 1269 dies.
655 1221 684 1269 v.
709 1209 765 1268 55:
788 1213 891 1266 tot-
906 1224 1009 1267 annos.
1031 1203 1091 1280 III,
1118 1209 1144 1282 l,
1168 1207 1224 1267 26:
1246 1209 1337 1266 Ovem

177 1310 340 1365 -natam
363 1321 458 1364 canos
479 1305 642 1377 sexaginta.
688 1300 785 1364 Marc.
809 1319 837 1364 v.
860 1305 938 1366 542:
966 1304 1043 1362 diem
1064 1321 1157 1364 umam
1179 1305 1275 1363 oravit
1297 1304 1338 1363 Ut

177 1409 249 1478 aput
271 1419 318 1461 me
341 1403 549 1475 praehiberem
573 1403 679 1462 locum.
704 1397 763 1476 III,
787 1402 815 1475 2,
832 1402 864 1462 6:
888 1403 962 1460 Nam
986 1403 1064 1460 beno
1085 1404 1161 1461 bene
1178 1418 1209 1460 se
1226 1402 1337 1459 babere

177 1504 302 1560 acrorem
322 1501 444 1558 nimiost
467 1499 599 1572 aequius.
626 1495 686 1575 III,
711 1501 739 1572 3,
764 1499 818 1559 24:
843 1497 968 1558 Nullam
989 1499 1092 1558 hercle
1114 1504 1237 1572 praeter
1260 1500 1338 1556 bunc

176 1598 252 1657 diem
275 1599 328 1656 illa
350 1596 428 1670 apud
451 1613 497 1655 me
520 1596 587 1654 erit.
612 1591 696 1655 Men.
719 1591 757 1671 V,
781 1598 808 1671 l,
832 1597 886 1656 2οε
909 1597 985 1655 Nam
1007 1612 1102 1654 meam
1124 1595 1191 1654 med
1213 1599 1338 1653 aetatem

178 1711 245 1756 esse
269 1694 388 1754 viduam
411 1694 558 1752 mavelim.
604 1688 692 1753 Asin.
725 1689 775 1767 H,
799 1695 832 1768 2,
855 1695 894 1753 8:
930 1691 1066 1752 Aetatem
1093 1693 1182 1752 velim
1211 1694 1333 1763 servire,

180 1793 323 1850 Libanum
347 1797 380 1849 ut
403 1791 575 1848 conveniam
598 1789 697 1855 modo,
718 1786 804 1866 quod
827 1792 878 1852 est
891 1786 1118 1852 adverbialiter
1138 1804 1196 1867 pro
1221 1804 1334 1862 eemper

179 1885 329 1965 positum,
352 1904 380 1948 v.
406 1884 513 1949 adnot.
537 1884 746 1950 Taubmanui.
770 1884 858 1950 Asin.
882 1885 908 1965 I,
934 1891 961 1965 1,
985 1891 1019 1949 6:
1044 1889 1085 1949 Ut
1107 1889 1161 1948 cibi
1184 1895 1337 1962 superstes

178 2003 252 2046 uxor
274 1989 398 2044 oetatem
420 1987 486 2044 siet.
533 1981 683 2060 [Nonius:
708 1991 858 2061 „aetatem
881 2000 941 2063 pro
961 1987 1125 2046 diutissime
1149 1982 1216 2046 sive
1238 1990 1338 2044 aeter·

179 2101 247 2142 uum
270 2079 497 2144 adverbialiter
518 2079 682 2158 positum].
727 2080 770 2157 ΙΙ,
795 2085 823 2159 2,
851 2084 903 2144 18:
941 2083 1026 2142 Adeo
1050 2091 1082 2142 ut
1104 2085 1229 2141 oeream
1252 2083 1338 2140 ambo

178 2181 319 2239 ambobus
342 2181 428 2239 uobis
452 2181 511 2238 siut
534 2180 661 2241 obnoxii.
707 2177 780 2242 Aul.
804 2178 884 2257 prol.
907 2195 937 2242 v.
961 2184 996 2242 4:
1036 2182 1113 2240 bano
1136 2180 1252 2240 domum
1276 2180 1339 2236 Iam

176 2277 284 2335 mallos
306 2293 400 2336 canos
423 2283 470 2336 est
494 2284 526 2336 ut
548 2277 696 2351 possideo.
743 2274 831 2338 Pers.
864 2274 889 2351 Ι,
914 2279 943 2353 3,
968 2281 1022 2339 57:
1057 2277 1141 2337 Sicut
1172 2279 1242 2336 istic
1270 2279 1338 2335 leno

179 2376 237 2434 bau
261 2376 328 2434 dnm
351 2391 403 2434 sec
424 2375 532 2434 mensis
547 2375 718 2449 Magaribus
740 2376 805 2433 Huc
829 2381 875 2434 est
898 2389 985 2447 quom
1009 2376 1221 2448 commigravit.
1245 2369 1338 2434 Trnc.

178 2469 237 2548 ΙΙΙ,
262 2473 291 2548 2,
316 2475 370 2534 2οε
393 2473 544 2532 Rabouem
569 2473 687 2548 habeto,
711 2487 824 2530 mecum
848 2479 881 2530 ut
900 2473 979 2530 banc
999 2475 1110 2531 acciae
1132 2473 1201 2531 sies.
1233 2466 1286 2540 IV,
1308 2473 1338 2544 4,

183 2572 236 2631 la:
259 2577 293 2628 ut
315 2571 369 2628 boc
389 2569 451 2628 dies
474 2571 588 2642 aliquos
611 2571 691 2628 sinas
708 2570 783 2628 Eum
808 2585 873 2628 esse
898 2576 970 2643 aput
992 2587 1047 2628 me.
1070 2586 1099 2631 v.
1114 2571 1170 2631 21:
1195 2567 1340 2626 Triduom

179 2669 232 2726 boe
258 2669 377 2744 saltem,
412 2667 479 2726 dom
510 2669 594 2726 miles
617 2668 717 2740 aliquo
741 2666 981 2726 circumducitur.
1027 2663 1119 2744 Epid.
1146 2662 1205 2741 ΙΙΙ,
1230 2669 1260 2742 4,
1284 2666 1339 2726 62:

178 2766 246 2839 plus
269 2767 328 2825 iam
352 2783 414 2825 sum
438 2765 534 2824 libera
555 2764 796 2836 quinquennium.
831 2759 927 2825 Poen.
950 2760 989 2839 V,
1012 2765 1042 2839 4,
1066 2763 1120 2824 69:
1145 2764 1222 2834 Quia
1245 2777 1339 2820 cacos

177 2863 284 2922 cirritos
305 2863 381 2922 filias
402 2879 484 2922 meas
501 2863 651 2921 celavistis
675 2862 750 2920 olam
774 2877 829 2922 mo.
853 2857 918 2923 Mil.
941 2858 996 2938 IV,
1021 2863 1049 2937 2,
1072 2863 1132 2922 87:
1160 2860 1237 2932 Quin
1258 2858 1340 2917 mik

179 2977 323 3020 annorum
346 2966 495 3034 perpetuo
522 2961 622 3020 vivont
649 2959 685 3018 ab
709 2961 809 3019 saeclo
831 2959 869 3018 od
893 2962 1032 3018 saeclum.
1056 2956 1152 3021 Most.
1175 2953 1202 3033 I,
1228 2959 1255 3031 l,
1280 2957 1339 3016 21:
1412 2983 1416 2989 ·

177 3056 252 3116 Dies
280 3057 433 3133 coctaque
459 3057 562 3118 bibite.
608 3072 635 3116 v.
661 3056 716 3116 76:
760 3057 934 3117 Triennium
968 3057 1017 3130 qui
1048 3057 1106 3116 iam
1140 3056 1211 3112 bluc
1243 3053 1338 3112 abest.

179 3149 273 3217 Most.
297 3171 328 3215 v.
351 3157 429 3216 235:
453 3154 516 3213 dies
538 3156 691 3228 noctesque
715 3161 806 3214 estur.
851 3151 909 3214 III.
937 3157 962 3230 1,
987 3154 1041 3214 61:
1075 3152 1188 3212 Multos
1209 3167 1256 3209 me
1281 3151 1338 3210 hoa

181 3256 271 3326 pacto
294 3252 356 3310 dies
378 3252 573 3312 frustramini.
597 3254 627 3327 2,
645 3252 701 3312 78:
725 3252 784 3311 Sub
808 3252 858 3310 diu
880 3254 979 3311 colere
1002 3256 1032 3310 te
1055 3266 1148 3324 usque
1165 3251 1339 3322 perpetuae

181 3349 266 3409 diem
289 3345 345 3425 IV,
369 3351 399 3426 2,
422 3351 477 3412 38:
507 3349 584 3422 Quin
607 3365 658 3408 sec
678 3349 786 3408 menas
807 3350 866 3408 iem
890 3349 938 3408 bio
961 3365 1048 3408 nemo
1071 3348 1196 3407 babitat.
1225 3362 1255 3407 v.
1278 3347 1338 3406 42:

178 3463 336 3521 numquam
360 3446 408 3506 hic
431 3447 559 3506 merom
581 3462 675 3506 caum
698 3445 854 3505 desitumst
875 3447 1019 3520 potarier.
1064 3461 1092 3506 v.
1116 3445 1172 3505 43:
1197 3443 1341 3502 Triduom

177 3561 271 3604 anam
293 3545 365 3603 haut
387 3561 454 3604 esse
477 3545 678 3604 intermissum
701 3544 749 3602 bic
772 3545 842 3603 bibi.
888 3539 986 3604 Marc.
1015 3539 1054 3619 V,
1075 3545 1107 3619 4,
1131 3543 1188 3602 57:
1232 3537 1341 3598 Aenos

178 3649 286 3718 gnatus
308 3641 475 3715 secegiatn.
520 3637 635 3703 Caecil.
658 3637 737 3702 Stat.
759 3637 798 3702 ir.
821 3637 979 3703 Fallaciae
1003 3644 1036 3702 7:
1065 3639 1162 3700 Velim
1184 3638 1341 3713 paulisper

179 3747 209 3799 te
247 3741 389 3813 opperiri.
428 3769 471 3780 -
504 3739 704 3812 Quantisper‘?
741 3771 784 3782 —-
819 3740 886 3798 Non
918 3742 986 3813 plus
1023 3737 1164 3798 triduam
1211 3732 1338 3798 Terent.

177 3831 313 3912 Adelph.
337 3833 392 3908 IV,
426 3839 452 3912 1,
481 3839 499 3897 5
530 3851 594 3912 sq,:
617 3853 686 3895 nam
719 3837 797 3895 buce
828 3835 905 3894 diem
931 3836 1043 3895 Misere
1070 3837 1157 3894 nimis
1192 3834 1280 3907 cupio
1307 3836 1341 3890 ut

179 3935 274 4007 coepi,
298 3937 472 4006 perpetuae
493 3935 523 3992 iu
539 3935 656 3994 laetitia
679 3933 796 4008 degere.
820 3931 936 3995 Heaut
960 3928 986 4010 Ι,
1013 3934 1040 4009 l,
1067 3934 1122 3993 10:
1145 3929 1254 3990 Arrace
1273 3945 1339 3990 eec-

177 4030 284 4101 ayireta
306 4038 393 4089 natur
415 4047 457 4104 es,
480 4034 542 4090 Aut
558 4032 629 4104 pleis
652 4048 697 4109 eo,
720 4039 754 4090 ut
777 4031 903 4092 conicio.
932 4026 1049 4092 fleant.
1071 4026 1098 4106 Ι,
1123 4033 1151 4105 l,
1175 4029 1231 4089 66:
1255 4029 1339 4088 (llam

179 4143 226 4184 me
248 4126 402 4200 profectus
424 4129 532 4188 mensis
553 4131 608 4189 tris
631 4131 725 4190 abest.
746 4124 873 4189 Pharin.
898 4124 922 4204 I,
947 4129 976 4203 3,
1000 4129 1034 4187 i:
1056 4124 1164 4185 fuisset
1186 4129 1248 4185 tum
1270 4125 1340 4184 illos

180 4224 219 4280 mi
242 4240 333 4298 aegre
356 4225 472 4297 aliquot
491 4227 562 4289 dies.
586 4225 705 4289 Heaut
728 4222 785 4303 IV,
801 4227 830 4301 3,
847 4227 901 4287 38:
923 4241 971 4282 me
993 4225 1117 4282 oetatem
1132 4237 1238 4282 censes
1261 4222 1340 4282 vella
