3004 4764
210 240 274 304 386
664 227 792 272 nnonoll.
806 227 870 270 osu.
883 229 921 270 vl.

210 403 309 474 Andr.
333 403 412 488 I,'1,
435 403 489 472 20:
534 409 617 486 Qum
637 409 736 470 orodis
758 408 915 482 csse‘bss,
948 421 1007 468 non
1030 411 1099 466 sunt
1119 395 1209 466 verte
1231 407 1376 480 nuptiae.

212 507 313 588 Saepe
337 503 516 570 eunuclstio
537 501 674 568 relotivt
693 507 767 570 sote
788 501 884 568 ollem
897 501 1149 568 enunciationem
1165 501 1212 568 itu
1226 501 1373 582 ponitur,

210 609 247 670 ut
281 606 406 684 spectet
432 602 474 666 ud
503 600 684 684 genemlom
710 599 901 668 sententium
930 600 999 666 eins
1027 599 1130 679 leque
1151 597 1374 664 eeiuoiicium

208 699 427 784 proloquatur.
464 699 553 766 Idem
574 715 653 766 usus
675 703 727 764 ost
740 697 825 780 epol
841 696 991 776 Graecos,
1013 697 1087 761 vide
1101 694 1220 760 Bornh.
1243 713 1274 776 p.
1291 701 1372 776 297,

207 798 262 881 qui
288 795 375 863 iuter
399 796 467 863 ulie
488 793 631 877 exemplo
651 795 713 862 boc
734 793 829 861 offeri
849 813 888 860 ex
910 794 1073 876 Euripidis
1094 789 1211 858 Medos
1232 811 1262 857 u.
1283 797 1374 859 453:

206 893 229 962 t
248 889 274 960 Ι
299 897 330 968 te
349 889 511 977 τυράννους
533 893 598 955 ἐστί
617 913 667 955 σοι
688 888 861 974 &tarpeium
890 893 953 954 πᾶν
973 889 1077 974 κέρδος
1097 885 1177 974 ἡγοῦ
1191 889 1374 973 ζημιουμένη

207 995 298 1084 φυγῇ.
338 989 394 1058 oio
416 989 519 1056 Plout
563 989 628 1054 llll.
652 990 713 1070 IV,
735 995 770 1070 4,
794 993 851 1054 20:
897 993 982 1070 Quod
1004 1001 1077 1066 spot
1098 1007 1153 1052 uos
1174 989 1370 1051 fallaciarum
1462 1005 1463 1086 ,

209 1099 393 1168 strumensi,
424 1091 503 1168 [epol
532 1096 618 1151 certo
640 1092 717 1165 scio,
748 1091 895 1166 oppinum
917 1091 1040 1167 quodvis
1063 1087 1179 1150 videtur
1201 1105 1290 1163 posse
1314 1104 1370 1147 cx·
1462 1107 1463 1122 ¹

206 1192 334 1268 pugnaci
370 1183 442 1266 [eis]
475 1189 561 1248 dolis.
606 1183 731 1251 Terent.
767 1185 885 1252 Hosti.
913 1186 956 1264 V,
991 1191 1025 1264 2,
1061 1189 1119 1248 47:
1163 1187 1260 1246 uibus
1286 1186 1374 1258 qood

207 1289 348 1350 factumst
377 1289 473 1346 Miror
503 1302 562 1346 non
588 1287 668 1346 iusso
696 1302 742 1346 mc
771 1287 841 1347 ilico
868 1286 981 1361 adripi,
1017 1281 1049 1346 h.
1077 1299 1104 1347 c.
1133 1299 1191 1362 pro
1220 1281 1371 1360 eoquod

206 1383 327 1449 fectum
349 1385 408 1462 cst,
431 1377 478 1444 bei
500 1377 567 1445 bom
588 1383 659 1445 teob
681 1377 732 1446 tls
754 1378 817 1465 istst
837 1379 988 1465 polonico
1003 1377 1047 1461 iit,
1068 1381 1151 1446 siue:
1173 1393 1370 1461 quamquem

208 1481 285 1545 iulio
306 1479 392 1545 lecte
412 1483 497 1557 sunt,
519 1495 616 1558 quum
638 1477 717 1544 telin
738 1479 911 1544 evenerint.
952 1479 1051 1544 Andr.
1072 1478 1133 1560 III,
1156 1483 1186 1558 2,
1210 1481 1265 1542 50:
1288 1481 1371 1540 llum

207 1586 314 1658 gneius
336 1577 417 1652 quod
437 1579 620 1653 pollicitust,
647 1579 727 1639 baud
749 1579 899 1640 dubiumst
919 1580 1006 1656 mihi,
1030 1580 1062 1639 Si
1084 1581 1174 1654 nolit,
1205 1580 1276 1654 quin
1297 1595 1370 1638 eum

208 1679 316 1738 merito
337 1678 450 1752 possim
472 1691 589 1751 cogere,
613 1691 804 1755 quemquem
826 1673 886 1738 hoc
902 1673 1076 1753 simplicius
1091 1673 1241 1754 explicari
1257 1677 1371 1754 potest

208 1787 268 1855 per
289 1776 487 1838 structuram
508 1769 595 1836 baud
621 1771 808 1838 inusitatam
830 1789 930 1848 copore
951 1771 1079 1846 alicuem
1100 1773 1222 1847 alicuid.
1266 1771 1368 1840 Andr.

209 1871 239 1950 I,
271 1874 305 1948 b,
335 1873 388 1934 ol:
431 1870 518 1946 Quod
539 1888 593 1946 ego
615 1888 671 1946 per
692 1871 769 1932 hono
792 1877 823 1933 te
847 1872 982 1932 dextrum
1005 1889 1058 1932 oro
1080 1879 1111 1932 et
1132 1873 1250 1948 genium
1273 1876 1369 1945 tuom,

209 1971 268 2030 Per
290 1975 371 2029 tussn
391 1967 480 2027 fidem
501 1983 615 2044 perque
637 1967 724 2030 buius
747 1969 936 2030 solitudinem
952 1970 994 2028 Te
1016 1969 1174 2044 obstestor,
1198 1985 1235 2029 nc
1260 1969 1314 2029 ebs
1336 1977 1367 2028 te

212 2069 290 2128 benc
314 2081 463 2142 segreges,
486 2062 527 2127 ud
549 2080 579 2143 q.
599 2062 620 2127 l
642 2062 782 2128 Ruhnk:
820 2063 946 2144 „Vulgo
962 2066 1039 2138 qood
1054 2063 1215 2144 explicant
1229 2070 1362 2145 psopter

209 2161 303 2241 quod,
325 2177 421 2243 quam
444 2160 485 2224 ob
506 2176 585 2240 nem,
609 2159 665 2226 sed
687 2159 802 2224 durum
824 2165 874 2226 est
895 2161 927 2224 iu
943 2161 992 2226 his
1007 2160 1151 2226 formulis
1170 2159 1217 2224 ite
1232 2177 1361 2242 cepere,

208 2259 311 2326 lenius
334 2263 383 2324 est
404 2257 585 2339 intelligere
605 2257 639 2322 iu
655 2273 733 2337 quo,
756 2276 819 2340 que
840 2258 874 2322 in
893 2277 940 2339 re,
963 2258 1153 2338 omninoque
1176 2259 1255 2332 qood
1277 2262 1311 2322 ct
1332 2258 1365 2322 in

208 2355 258 2423 bis
281 2363 314 2422 ct
339 2358 372 2422 iu
393 2355 550 2420 similibus
571 2356 671 2420 seruit
691 2355 902 2423 uousitiom.“
940 2355 1145 2421 Ceutronum
1159 2359 1217 2435 est,
1241 2355 1365 2430 siquod

208 2455 318 2522 eodem
350 2454 383 2520 vi
416 2452 629 2519 enuntiationi
664 2452 867 2534 postponitur
900 2454 951 2526 (de
979 2453 1111 2519 Graecis
1144 2453 1216 2518 vide
1244 2451 1364 2518 Beruh.

211 2558 293 2636 synt.
320 2570 351 2634 p.
380 2556 457 2631 298,
487 2551 542 2630 qui
570 2548 663 2616 effert
689 2550 775 2616 inter
796 2549 861 2615 clia
884 2551 995 2633 Eurip.
1039 2549 1154 2616 Bacou
1198 2555 1258 2615 341
1283 2541 1365 2630 ὃμὴ

209 2645 320 2738 πάθῃς
343 2642 409 2728 σύ),
432 2652 469 2714 ut
490 2647 594 2715 Pleut.
638 2646 736 2713 Mero.
760 2647 799 2728 V,
821 2655 851 2726 4,
876 2653 932 2714 62:
977 2652 1054 2725 Quin
1077 2657 1157 2712 emet
1177 2656 1210 2710 et
1232 2657 1364 2711 scortum

209 2751 308 2825 ducet,
330 2749 409 2822 quod
431 2749 508 2808 bono
531 2748 585 2808 fist
602 2747 703 2822 modo,
726 2743 781 2810 ubi
802 2745 928 2812 Lumbz
973 2746 1088 2827 „Modo
1109 2745 1154 2811 nil
1175 2742 1232 2810 fiet
1252 2752 1367 2811 contm

208 2845 297 2928 leges
332 2847 365 2908 et
394 2861 491 2923 supra
512 2841 670 2907 modum.“
715 2841 905 2922 Separatio
928 2848 979 2909 cst
1000 2844 1171 2909 relativum
1192 2861 1213 2908 a
1235 2844 1365 2909 notione

207 2944 366 3024 adquam
393 2939 533 3022 pertinet
558 2939 630 3004 Aul.
657 2937 739 3019 prol.
764 2957 793 3006 v.
819 2947 872 3006 lb:
917 2944 975 3005 Ubi
996 2945 1023 3005 is
1046 2944 1120 3006 obiit
1144 2950 1283 3018 mortem,
1314 2944 1366 3018 poi

210 3043 283 3104 mibi
308 3043 339 3103 id
370 3057 474 3102 surum
495 3040 632 3102 credidit.
678 3035 762 3102 Setis
785 3036 879 3119 longo
900 3037 1069 3104 intervallo
1091 3039 1150 3104 boc
1172 3037 1292 3104 luctum
1314 3044 1363 3105 est

208 3137 305 3204 Such.
328 3136 355 3214 I,
381 3141 408 3218 1,
429 3142 465 3202 4:
488 3155 555 3198 num
577 3153 632 3198 nos
654 3137 717 3197 eins
739 3138 868 3198 mimum
890 3140 936 3198 De
959 3141 1071 3200 nostris
1092 3138 1182 3200 iestis
1204 3139 1363 3212 noscimus,

208 3255 337 3312 potorem
363 3238 432 3298 hinc
460 3237 515 3299 viri
534 3241 657 3311 upsuut,
690 3231 769 3296 item
791 3232 895 3299 tribus
917 3233 1013 3313 locis,
1037 3252 1117 3316 quos
1137 3233 1220 3300 benc
1240 3234 1273 3298 in
1298 3251 1366 3300 rem

207 3331 302 3400 affert
315 3332 478 3398 Beckerus
500 3330 541 3396 de
560 3347 639 3396 com.
660 3329 751 3396 Rom.
770 3328 834 3397 inb.
851 3337 973 3411 queem
988 3351 1018 3413 p.
1035 3337 1094 3397 40:
1117 3332 1203 3398 Trin.
1219 3333 1246 3414 l,
1262 3338 1292 3414 2,
1307 3337 1364 3399 48:

420 3431 496 3492 Nem
518 3447 596 3491 nuno
620 3446 675 3506 ego
698 3431 724 3490 si
746 3435 777 3491 to
800 3431 991 3507 subrupuisse
1015 3436 1150 3509 suspicor

417 3530 481 3588 Ioui
507 3545 648 3589 cononum
669 3526 707 3588 dc
729 3529 829 3602 capite
852 3545 891 3588 ex
913 3531 1064 3606 capitolio,

419 3626 477 3701 Quoi
498 3627 529 3684 in
553 3626 701 3686 columine
722 3630 804 3686 estet
825 3641 947 3688 summo.

208 3723 302 3806 Epio,
328 3727 355 3802 l,
382 3726 409 3802 l,
435 3725 490 3784 12:
519 3725 561 3782 Et
581 3724 607 3783 is
630 3721 748 3784 denisio
770 3722 891 3784 advenit
911 3739 970 3784 une
991 3741 1058 3786 cum
1073 3743 1119 3801 eo,
1142 3729 1194 3801 ccc·
1209 3737 1367 3806 ungentum

209 3827 302 3899 petit,
339 3821 395 3886 ubi
415 3817 575 3884 antecedit
596 3815 677 3882 odeo
699 3834 814 3883 nomen
837 3817 978 3883 ciusdem
1000 3822 1139 3902 genesis,
1177 3841 1242 3904 quo
1264 3827 1366 3891 erroni

207 3919 307 3997 magis
330 3917 427 3983 etiem
449 3915 538 3982 locus
559 3914 664 3993 detur,
686 3931 751 3978 non
771 3932 865 3981 secus
886 3914 1013 3982 Terent.
1045 3918 1171 3985 Pborm.
1195 3921 1238 4002 ll,
1262 3928 1291 4005 3,
1315 3927 1368 3990 24:

583 4043 626 4056 -
649 4031 807 4091 numquam
829 4021 890 4076 tum
911 4020 1009 4092 mosis

208 4120 253 4180 Ob
275 4118 353 4178 banc
375 4115 545 4175 inimicitius
568 4128 708 4188 cuperem
730 4113 762 4172 in
784 4120 913 4174 vostram
935 4114 1088 4192 familiam,

205 4217 304 4294 Quom
324 4215 351 4276 is
373 4217 549 4288 aspernatur
571 4225 649 4270 nunc
675 4215 736 4268 tem
757 4211 964 4273 inliberaliter.
