<?xml version="1.0" encoding="UTF-8"?>
<!DOCTYPE html PUBLIC "-//W3C//DTD XHTML 1.0 Transitional//EN"
    "http://www.w3.org/TR/xhtml1/DTD/xhtml1-transitional.dtd">
<html xmlns="http://www.w3.org/1999/xhtml" xml:lang="en" lang="en">
 <head>
  <title>
</title>
<meta http-equiv="Content-Type" content="text/html;charset=utf-8" />
  <meta name='ocr-system' content='tesseract 3.04.00' />
  <meta name='ocr-capabilities' content='ocr_page ocr_carea ocr_par ocr_line ocrx_word'/>
</head>
<body>
  <div class='ocr_page' id='page_1' title='image "./syntaxispriscor01holtgoog_0202.png"; bbox 0 0 3064 4754; ppageno 0'>
   <div class='ocr_carea' id='block_1_1' title="bbox 447 245 1308 317">
    <p class='ocr_par' dir='ltr' id='par_1_1' title="bbox 447 245 1308 317">
     <span class='ocr_line' id='line_1_1' title="bbox 447 245 1308 317; baseline -0.002 -30"><span class='ocrx_word' id='word_1_1' title='bbox 447 247 534 287; x_wconf 73' lang='lat' dir='ltr'>CASUB</span> <span class='ocrx_word' id='word_1_2' title='bbox 550 245 817 288; x_wconf 68' lang='lat' dir='ltr'>SUBSTANTIVORUH.</span> <span class='ocrx_word' id='word_1_3' title='bbox 840 267 865 278; x_wconf 91' lang='lat'>·-</span> <span class='ocrx_word' id='word_1_4' title='bbox 879 247 1018 289; x_wconf 69' lang='lat' dir='ltr'>ACOURAT.</span> <span class='ocrx_word' id='word_1_5' title='bbox 1248 256 1308 317; x_wconf 70' lang='lat'>185</span> 
     </span>
    </p>
   </div>
   <div class='ocr_carea' id='block_1_2' title="bbox 153 418 1319 2944">
    <p class='ocr_par' dir='ltr' id='par_1_2' title="bbox 153 418 1316 2162">
     <span class='ocr_line' id='line_1_2' title="bbox 154 418 1308 504; baseline -0.002 -18"><span class='ocrx_word' id='word_1_6' title='bbox 154 437 238 502; x_wconf 89' lang='lat' dir='ltr'>quae</span> <span class='ocrx_word' id='word_1_7' title='bbox 262 419 426 502; x_wconf 89' lang='lat' dir='ltr'>dicuntur,</span> <span class='ocrx_word' id='word_1_8' title='bbox 456 419 704 504; x_wconf 84' lang='lat' dir='ltr'>significationes</span> <span class='ocrx_word' id='word_1_9' title='bbox 732 440 767 488; x_wconf 91' lang='lat' dir='ltr'>se</span> <span class='ocrx_word' id='word_1_10' title='bbox 790 423 975 486; x_wconf 86' lang='lat' dir='ltr'>convertere</span> <span class='ocrx_word' id='word_1_11' title='bbox 1001 425 1116 500; x_wconf 82' lang='lat' dir='ltr'>potest</span> <span class='ocrx_word' id='word_1_12' title='bbox 1161 418 1249 486; x_wconf 84' lang='lat' dir='ltr'>Sitne</span> <span class='ocrx_word' id='word_1_13' title='bbox 1272 420 1308 484; x_wconf 94' lang='lat' dir='ltr'>li·</span> 
     </span>
     <span class='ocr_line' id='line_1_3' title="bbox 153 517 1312 599; baseline 0 -15"><span class='ocrx_word' id='word_1_14' title='bbox 153 534 246 598; x_wconf 90' lang='lat' dir='ltr'>neae,</span> <span class='ocrx_word' id='word_1_15' title='bbox 269 517 298 584; x_wconf 89' lang='lat' dir='ltr'>si</span> <span class='ocrx_word' id='word_1_16' title='bbox 318 527 472 599; x_wconf 89' lang='lat' dir='ltr'>punctum</span> <span class='ocrx_word' id='word_1_17' title='bbox 499 518 569 584; x_wconf 89' lang='lat' dir='ltr'>eius</span> <span class='ocrx_word' id='word_1_18' title='bbox 596 524 773 584; x_wconf 88' lang='lat' dir='ltr'>extremum</span> <span class='ocrx_word' id='word_1_19' title='bbox 801 519 910 584; x_wconf 89' lang='lat' dir='ltr'>datum</span> <span class='ocrx_word' id='word_1_20' title='bbox 932 524 996 596; x_wconf 90' lang='lat' dir='ltr'>est,</span> <span class='ocrx_word' id='word_1_21' title='bbox 1018 518 1156 599; x_wconf 89' lang='lat' dir='ltr'>primum</span> <span class='ocrx_word' id='word_1_22' title='bbox 1178 536 1217 583; x_wconf 92' lang='lat' dir='ltr'>eo</span> <span class='ocrx_word' id='word_1_23' title='bbox 1237 536 1312 584; x_wconf 89' lang='lat' dir='ltr'>oon·</span> 
     </span>
     <span class='ocr_line' id='line_1_4' title="bbox 154 614 1311 696; baseline 0.001 -15"><span class='ocrx_word' id='word_1_24' title='bbox 154 614 247 682; x_wconf 89' lang='lat' dir='ltr'>stitui</span> <span class='ocrx_word' id='word_1_25' title='bbox 274 621 398 696; x_wconf 86' lang='lat' dir='ltr'>potest,</span> <span class='ocrx_word' id='word_1_26' title='bbox 428 621 464 680; x_wconf 88' lang='lat' dir='ltr'>ut</span> <span class='ocrx_word' id='word_1_27' title='bbox 486 615 573 682; x_wconf 88' lang='lat' dir='ltr'>aliud</span> <span class='ocrx_word' id='word_1_28' title='bbox 594 622 747 696; x_wconf 87' lang='lat' dir='ltr'>punctum</span> <span class='ocrx_word' id='word_1_29' title='bbox 768 614 866 681; x_wconf 86' lang='lat' dir='ltr'>fixum</span> <span class='ocrx_word' id='word_1_30' title='bbox 888 616 995 694; x_wconf 90' lang='lat' dir='ltr'>detur,</span> <span class='ocrx_word' id='word_1_31' title='bbox 1029 615 1070 680; x_wconf 86' lang='lat' dir='ltr'>ad</span> <span class='ocrx_word' id='word_1_32' title='bbox 1089 615 1175 696; x_wconf 91' lang='lat' dir='ltr'>quod</span> <span class='ocrx_word' id='word_1_33' title='bbox 1197 633 1311 682; x_wconf 86' lang='lat' dir='ltr'>versus</span> 
     </span>
     <span class='ocr_line' id='line_1_5' title="bbox 155 712 1311 795; baseline 0 -17"><span class='ocrx_word' id='word_1_34' title='bbox 155 712 208 778; x_wconf 87' lang='lat' dir='ltr'>uel</span> <span class='ocrx_word' id='word_1_35' title='bbox 230 713 315 794; x_wconf 84' lang='lat' dir='ltr'>ultra</span> <span class='ocrx_word' id='word_1_36' title='bbox 338 712 423 793; x_wconf 89' lang='lat' dir='ltr'>quod</span> <span class='ocrx_word' id='word_1_37' title='bbox 445 713 529 779; x_wconf 89' lang='lat' dir='ltr'>linea</span> <span class='ocrx_word' id='word_1_38' title='bbox 551 713 723 795; x_wconf 79' lang='lat' dir='ltr'>dirigatur,</span> <span class='ocrx_word' id='word_1_39' title='bbox 754 713 867 779; x_wconf 88' lang='lat' dir='ltr'>deinde</span> <span class='ocrx_word' id='word_1_40' title='bbox 890 730 964 778; x_wconf 87' lang='lat' dir='ltr'>vero</span> <span class='ocrx_word' id='word_1_41' title='bbox 986 713 1083 778; x_wconf 87' lang='lat' dir='ltr'>etiam</span> <span class='ocrx_word' id='word_1_42' title='bbox 1105 718 1161 792; x_wconf 84' lang='lat' dir='ltr'>ed,</span> <span class='ocrx_word' id='word_1_43' title='bbox 1190 718 1227 778; x_wconf 89' lang='lat' dir='ltr'>ut</span> <span class='ocrx_word' id='word_1_44' title='bbox 1247 713 1311 778; x_wconf 88' lang='lat' dir='ltr'>alia</span> 
     </span>
     <span class='ocr_line' id='line_1_6' title="bbox 154 809 1313 893; baseline 0 -18"><span class='ocrx_word' id='word_1_45' title='bbox 154 809 240 876; x_wconf 89' lang='lat' dir='ltr'>linea</span> <span class='ocrx_word' id='word_1_46' title='bbox 271 809 333 878; x_wconf 91' lang='lat' dir='ltr'>fixa</span> <span class='ocrx_word' id='word_1_47' title='bbox 356 811 464 890; x_wconf 89' lang='lat' dir='ltr'>detur,</span> <span class='ocrx_word' id='word_1_48' title='bbox 497 829 568 876; x_wconf 88' lang='lat' dir='ltr'>cum</span> <span class='ocrx_word' id='word_1_49' title='bbox 592 829 655 893; x_wconf 91' lang='lat' dir='ltr'>qua</span> <span class='ocrx_word' id='word_1_50' title='bbox 677 811 883 878; x_wconf 88' lang='lat' dir='ltr'>directionem</span> <span class='ocrx_word' id='word_1_51' title='bbox 905 809 957 876; x_wconf 89' lang='lat' dir='ltr'>vel</span> <span class='ocrx_word' id='word_1_52' title='bbox 979 811 1111 878; x_wconf 85' lang='lat' dir='ltr'>eandem</span> <span class='ocrx_word' id='word_1_53' title='bbox 1135 809 1188 875; x_wconf 81' lang='lat' dir='ltr'>vel</span> <span class='ocrx_word' id='word_1_54' title='bbox 1209 811 1313 876; x_wconf 88' lang='lat' dir='ltr'>diver·</span> 
     </span>
     <span class='ocr_line' id='line_1_7' title="bbox 155 907 1313 990; baseline 0 -16"><span class='ocrx_word' id='word_1_55' title='bbox 155 926 224 976; x_wconf 87' lang='lat' dir='ltr'>sam</span> <span class='ocrx_word' id='word_1_56' title='bbox 245 909 288 974; x_wconf 91' lang='lat' dir='ltr'>sit</span> <span class='ocrx_word' id='word_1_57' title='bbox 309 908 468 987; x_wconf 87' lang='lat' dir='ltr'>habitura,</span> <span class='ocrx_word' id='word_1_58' title='bbox 491 909 541 974; x_wconf 87' lang='lat' dir='ltr'>vel</span> <span class='ocrx_word' id='word_1_59' title='bbox 563 909 661 974; x_wconf 90' lang='lat' dir='ltr'>etiam</span> <span class='ocrx_word' id='word_1_60' title='bbox 685 913 722 972; x_wconf 92' lang='lat' dir='ltr'>ut</span> <span class='ocrx_word' id='word_1_61' title='bbox 742 908 892 990; x_wconf 81' lang='lat' dir='ltr'><strong>planities</strong></span> <span class='ocrx_word' id='word_1_62' title='bbox 914 909 1024 988; x_wconf 89' lang='lat' dir='ltr'>detur,</span> <span class='ocrx_word' id='word_1_63' title='bbox 1047 925 1142 988; x_wconf 85' lang='lat' dir='ltr'>quam</span> <span class='ocrx_word' id='word_1_64' title='bbox 1165 907 1249 974; x_wconf 86' lang='lat' dir='ltr'>linea</span> <span class='ocrx_word' id='word_1_65' title='bbox 1269 908 1313 974; x_wconf 86' lang='lat' dir='ltr'>sit</span> 
     </span>
     <span class='ocr_line' id='line_1_8' title="bbox 156 1005 1312 1089; baseline -0.002 -17"><span class='ocrx_word' id='word_1_66' title='bbox 156 1011 305 1072; x_wconf 81' lang='lat' dir='ltr'>secatum</span> <span class='ocrx_word' id='word_1_67' title='bbox 327 1011 401 1072; x_wconf 87' lang='lat' dir='ltr'>cett.</span> <span class='ocrx_word' id='word_1_68' title='bbox 436 1005 542 1071; x_wconf 86' lang='lat' dir='ltr'>Facile</span> <span class='ocrx_word' id='word_1_69' title='bbox 564 1011 701 1089; x_wconf 83' lang='lat' dir='ltr'>apparet</span> <span class='ocrx_word' id='word_1_70' title='bbox 721 1023 854 1087; x_wconf 87' lang='lat' dir='ltr'>prorsus</span> <span class='ocrx_word' id='word_1_71' title='bbox 876 1005 1023 1072; x_wconf 90' lang='lat' dir='ltr'>similiter</span> <span class='ocrx_word' id='word_1_72' title='bbox 1044 1023 1113 1071; x_wconf 90' lang='lat' dir='ltr'>rem</span> <span class='ocrx_word' id='word_1_73' title='bbox 1134 1023 1170 1072; x_wconf 87' lang='lat' dir='ltr'>se</span> <span class='ocrx_word' id='word_1_74' title='bbox 1190 1006 1312 1072; x_wconf 85' lang='lat' dir='ltr'>habere</span> 
     </span>
     <span class='ocr_line' id='line_1_9' title="bbox 155 1102 1311 1185; baseline -0.002 -15"><span class='ocrx_word' id='word_1_75' title='bbox 155 1103 191 1170; x_wconf 92' lang='lat' dir='ltr'>in</span> <span class='ocrx_word' id='word_1_76' title='bbox 205 1105 359 1171; x_wconf 87' lang='lat' dir='ltr'>ambobus</span> <span class='ocrx_word' id='word_1_77' title='bbox 375 1103 486 1170; x_wconf 81' lang='lat' dir='ltr'>formis</span> <span class='ocrx_word' id='word_1_78' title='bbox 501 1104 675 1170; x_wconf 89' lang='lat' dir='ltr'>accusativi</span> <span class='ocrx_word' id='word_1_79' title='bbox 690 1102 883 1172; x_wconf 74' lang='lat' dir='ltr'>directionis.</span> <span class='ocrx_word' id='word_1_80' title='bbox 930 1103 993 1169; x_wconf 85' lang='lat' dir='ltr'>Sed</span> <span class='ocrx_word' id='word_1_81' title='bbox 1014 1119 1132 1185; x_wconf 88' lang='lat' dir='ltr'>magna</span> <span class='ocrx_word' id='word_1_82' title='bbox 1145 1104 1311 1182; x_wconf 84' lang='lat' dir='ltr'>varietate,</span> 
     </span>
     <span class='ocr_line' id='line_1_10' title="bbox 160 1199 1312 1283; baseline 0.001 -18"><span class='ocrx_word' id='word_1_83' title='bbox 160 1219 242 1282; x_wconf 86' lang='lat' dir='ltr'>quae</span> <span class='ocrx_word' id='word_1_84' title='bbox 264 1202 297 1266; x_wconf 89' lang='lat' dir='ltr'>in</span> <span class='ocrx_word' id='word_1_85' title='bbox 318 1201 378 1267; x_wconf 91' lang='lat' dir='ltr'>hoc</span> <span class='ocrx_word' id='word_1_86' title='bbox 401 1219 518 1283; x_wconf 84' lang='lat' dir='ltr'>genere</span> <span class='ocrx_word' id='word_1_87' title='bbox 541 1202 677 1283; x_wconf 86' lang='lat' dir='ltr'>cogitari</span> <span class='ocrx_word' id='word_1_88' title='bbox 699 1205 815 1282; x_wconf 87' lang='lat' dir='ltr'>potest,</span> <span class='ocrx_word' id='word_1_89' title='bbox 839 1199 987 1282; x_wconf 82' lang='lat' dir='ltr'>efficitur,</span> <span class='ocrx_word' id='word_1_90' title='bbox 1010 1206 1046 1266; x_wconf 87' lang='lat' dir='ltr'>ut</span> <span class='ocrx_word' id='word_1_91' title='bbox 1066 1201 1312 1282; x_wconf 87' lang='lat' dir='ltr'>praepositioni·</span> 
     </span>
     <span class='ocr_line' id='line_1_11' title="bbox 157 1298 1314 1380; baseline -0.002 -16"><span class='ocrx_word' id='word_1_92' title='bbox 157 1299 219 1365; x_wconf 89' lang='lat' dir='ltr'>bus</span> <span class='ocrx_word' id='word_1_93' title='bbox 240 1317 321 1379; x_wconf 90' lang='lat' dir='ltr'>opus</span> <span class='ocrx_word' id='word_1_94' title='bbox 344 1299 387 1365; x_wconf 87' lang='lat' dir='ltr'>sit</span> <span class='ocrx_word' id='word_1_95' title='bbox 408 1299 524 1380; x_wconf 89' lang='lat' dir='ltr'>quibus</span> <span class='ocrx_word' id='word_1_96' title='bbox 546 1301 727 1367; x_wconf 79' lang='lat' dir='ltr'>accuratius</span> <span class='ocrx_word' id='word_1_97' title='bbox 749 1300 973 1378; x_wconf 81' lang='lat' dir='ltr'>constituatur,</span> <span class='ocrx_word' id='word_1_98' title='bbox 997 1300 1082 1379; x_wconf 90' lang='lat' dir='ltr'>quod</span> <span class='ocrx_word' id='word_1_99' title='bbox 1105 1315 1207 1379; x_wconf 83' lang='lat' dir='ltr'>genus</span> <span class='ocrx_word' id='word_1_100' title='bbox 1229 1298 1314 1363; x_wconf 90' lang='lat' dir='ltr'>dire·</span> 
     </span>
     <span class='ocr_line' id='line_1_12' title="bbox 158 1394 1313 1479; baseline -0.003 -17"><span class='ocrx_word' id='word_1_101' title='bbox 158 1397 273 1465; x_wconf 91' lang='lat' dir='ltr'>otionis</span> <span class='ocrx_word' id='word_1_102' title='bbox 289 1398 408 1478; x_wconf 89' lang='lat' dir='ltr'>ubique</span> <span class='ocrx_word' id='word_1_103' title='bbox 424 1397 628 1479; x_wconf 85' lang='lat' dir='ltr'>cogitandum</span> <span class='ocrx_word' id='word_1_104' title='bbox 644 1399 694 1464; x_wconf 87' lang='lat' dir='ltr'>sit.</span> <span class='ocrx_word' id='word_1_105' title='bbox 719 1397 789 1475; x_wconf 83' lang='lat' dir='ltr'>Quo</span> <span class='ocrx_word' id='word_1_106' title='bbox 800 1394 846 1477; x_wconf 86' lang='lat' dir='ltr'>fit,</span> <span class='ocrx_word' id='word_1_107' title='bbox 862 1401 898 1462; x_wconf 91' lang='lat' dir='ltr'>ut</span> <span class='ocrx_word' id='word_1_108' title='bbox 913 1397 1114 1462; x_wconf 85' lang='lat' dir='ltr'>aecusativus</span> <span class='ocrx_word' id='word_1_109' title='bbox 1130 1394 1313 1460; x_wconf 55' lang='lat' dir='ltr'>&amp;eodonis</span> 
     </span>
     <span class='ocr_line' id='line_1_13' title="bbox 159 1490 1314 1576; baseline -0.003 -16"><span class='ocrx_word' id='word_1_110' title='bbox 159 1513 287 1576; x_wconf 89' lang='lat' dir='ltr'>semper</span> <span class='ocrx_word' id='word_1_111' title='bbox 301 1496 513 1576; x_wconf 85' lang='lat' dir='ltr'>coniungatur</span> <span class='ocrx_word' id='word_1_112' title='bbox 528 1515 599 1560; x_wconf 88' lang='lat' dir='ltr'>oum</span> <span class='ocrx_word' id='word_1_113' title='bbox 615 1495 916 1576; x_wconf 87' lang='lat' dir='ltr'>praepositionibus,</span> <span class='ocrx_word' id='word_1_114' title='bbox 939 1512 1022 1575; x_wconf 88' lang='lat' dir='ltr'>quae</span> <span class='ocrx_word' id='word_1_115' title='bbox 1042 1493 1196 1573; x_wconf 89' lang='lat' dir='ltr'>inpriore</span> <span class='ocrx_word' id='word_1_116' title='bbox 1211 1490 1314 1556; x_wconf 87' lang='lat' dir='ltr'>solum</span> 
     </span>
     <span class='ocr_line' id='line_1_14' title="bbox 161 1591 1314 1675; baseline -0.003 -17"><span class='ocrx_word' id='word_1_117' title='bbox 161 1611 291 1674; x_wconf 78' lang='lat' dir='ltr'>genere,</span> <span class='ocrx_word' id='word_1_118' title='bbox 314 1593 369 1658; x_wconf 91' lang='lat' dir='ltr'>ubi</span> <span class='ocrx_word' id='word_1_119' title='bbox 391 1593 524 1659; x_wconf 89' lang='lat' dir='ltr'>directio</span> <span class='ocrx_word' id='word_1_120' title='bbox 547 1595 622 1658; x_wconf 90' lang='lat' dir='ltr'>dato</span> <span class='ocrx_word' id='word_1_121' title='bbox 644 1598 762 1675; x_wconf 89' lang='lat' dir='ltr'>puncto</span> <span class='ocrx_word' id='word_1_122' title='bbox 784 1593 863 1659; x_wconf 87' lang='lat' dir='ltr'>satis</span> <span class='ocrx_word' id='word_1_123' title='bbox 887 1591 1061 1657; x_wconf 87' lang='lat' dir='ltr'>constituta</span> <span class='ocrx_word' id='word_1_124' title='bbox 1083 1595 1148 1669; x_wconf 89' lang='lat' dir='ltr'>est,</span> <span class='ocrx_word' id='word_1_125' title='bbox 1171 1607 1314 1655; x_wconf 87' lang='lat' dir='ltr'>nonnun-</span> 
     </span>
     <span class='ocr_line' id='line_1_15' title="bbox 160 1687 1315 1771; baseline -0.004 -16"><span class='ocrx_word' id='word_1_126' title='bbox 160 1708 257 1771; x_wconf 82' lang='lat' dir='ltr'>quam</span> <span class='ocrx_word' id='word_1_127' title='bbox 280 1691 472 1756; x_wconf 88' lang='lat' dir='ltr'>omittuntur</span> <span class='ocrx_word' id='word_1_128' title='bbox 524 1691 715 1756; x_wconf 89' lang='lat' dir='ltr'>Addendum</span> <span class='ocrx_word' id='word_1_129' title='bbox 738 1696 802 1770; x_wconf 86' lang='lat' dir='ltr'>est,</span> <span class='ocrx_word' id='word_1_130' title='bbox 824 1690 908 1754; x_wconf 91' lang='lat' dir='ltr'>hunc</span> <span class='ocrx_word' id='word_1_131' title='bbox 930 1689 1145 1754; x_wconf 80' lang='lat' dir='ltr'>accusativum</span> <span class='ocrx_word' id='word_1_132' title='bbox 1167 1687 1315 1752; x_wconf 90' lang='lat' dir='ltr'>directio·</span> 
     </span>
     <span class='ocr_line' id='line_1_16' title="bbox 158 1785 1314 1869; baseline -0.003 -17"><span class='ocrx_word' id='word_1_133' title='bbox 158 1789 218 1868; x_wconf 89' lang='lat' dir='ltr'>nis,</span> <span class='ocrx_word' id='word_1_134' title='bbox 242 1790 310 1854; x_wconf 86' lang='lat' dir='ltr'>sive</span> <span class='ocrx_word' id='word_1_135' title='bbox 329 1806 401 1854; x_wconf 90' lang='lat' dir='ltr'>cum</span> <span class='ocrx_word' id='word_1_136' title='bbox 421 1789 657 1869; x_wconf 81' lang='lat' dir='ltr'>praepositione</span> <span class='ocrx_word' id='word_1_137' title='bbox 673 1789 885 1868; x_wconf 86' lang='lat' dir='ltr'>coniunctum,</span> <span class='ocrx_word' id='word_1_138' title='bbox 908 1787 977 1851; x_wconf 89' lang='lat' dir='ltr'>sive</span> <span class='ocrx_word' id='word_1_139' title='bbox 997 1787 1065 1851; x_wconf 87' lang='lat' dir='ltr'>siue</span> <span class='ocrx_word' id='word_1_140' title='bbox 1079 1785 1314 1866; x_wconf 85' lang='lat' dir='ltr'>praepositione</span> 
     </span>
     <span class='ocr_line' id='line_1_17' title="bbox 160 1882 1315 1968; baseline -0.005 -16"><span class='ocrx_word' id='word_1_141' title='bbox 160 1886 281 1952; x_wconf 88' lang='lat' dir='ltr'>elatum</span> <span class='ocrx_word' id='word_1_142' title='bbox 304 1903 529 1966; x_wconf 92' lang='lat' dir='ltr'>nonnunquam</span> <span class='ocrx_word' id='word_1_143' title='bbox 553 1887 649 1952; x_wconf 89' lang='lat' dir='ltr'>etiam</span> <span class='ocrx_word' id='word_1_144' title='bbox 672 1887 747 1968; x_wconf 96' lang='lat' dir='ltr'>poni</span> <span class='ocrx_word' id='word_1_145' title='bbox 769 1885 835 1951; x_wconf 90' lang='lat' dir='ltr'>sine</span> <span class='ocrx_word' id='word_1_146' title='bbox 858 1884 1055 1966; x_wconf 85' lang='lat' dir='ltr'>praedicato,</span> <span class='ocrx_word' id='word_1_147' title='bbox 1079 1882 1164 1962; x_wconf 92' lang='lat' dir='ltr'>quod</span> <span class='ocrx_word' id='word_1_148' title='bbox 1185 1883 1315 1963; x_wconf 89' lang='lat' dir='ltr'>proprie</span> 
     </span>
     <span class='ocr_line' id='line_1_18' title="bbox 161 1979 1316 2063; baseline -0.004 -13"><span class='ocrx_word' id='word_1_149' title='bbox 161 1983 291 2063; x_wconf 89' lang='lat' dir='ltr'>dicitur,</span> <span class='ocrx_word' id='word_1_150' title='bbox 323 1983 351 2048; x_wconf 92' lang='lat' dir='ltr'>h.</span> <span class='ocrx_word' id='word_1_151' title='bbox 378 2001 403 2046; x_wconf 88' lang='lat' dir='ltr'>e.</span> <span class='ocrx_word' id='word_1_152' title='bbox 427 1984 543 2062; x_wconf 89' lang='lat' dir='ltr'>verbo,</span> <span class='ocrx_word' id='word_1_153' title='bbox 574 1985 630 2050; x_wconf 89' lang='lat' dir='ltr'>sed</span> <span class='ocrx_word' id='word_1_154' title='bbox 653 1983 813 2048; x_wconf 84' lang='lat' dir='ltr'>artissime</span> <span class='ocrx_word' id='word_1_155' title='bbox 836 1982 1038 2048; x_wconf 87' lang='lat' dir='ltr'>coniunctum</span> <span class='ocrx_word' id='word_1_156' title='bbox 1061 1998 1132 2046; x_wconf 91' lang='lat' dir='ltr'>cum</span> <span class='ocrx_word' id='word_1_157' title='bbox 1155 1980 1218 2046; x_wconf 87' lang='lat' dir='ltr'>alio</span> <span class='ocrx_word' id='word_1_158' title='bbox 1241 1979 1316 2046; x_wconf 79' lang='lat' dir='ltr'>sub·</span> 
     </span>
     <span class='ocr_line' id='line_1_19' title="bbox 162 2080 903 2162; baseline -0.003 -16"><span class='ocrx_word' id='word_1_159' title='bbox 162 2082 312 2162; x_wconf 87' lang='lat' dir='ltr'>stantivo,</span> <span class='ocrx_word' id='word_1_160' title='bbox 337 2081 377 2145; x_wconf 93' lang='lat' dir='ltr'>ad</span> <span class='ocrx_word' id='word_1_161' title='bbox 401 2081 485 2161; x_wconf 93' lang='lat' dir='ltr'>quod</span> <span class='ocrx_word' id='word_1_162' title='bbox 508 2081 611 2146; x_wconf 87' lang='lat' dir='ltr'>solum</span> <span class='ocrx_word' id='word_1_163' title='bbox 634 2080 823 2146; x_wconf 77' lang='lat' dir='ltr'>referendus</span> <span class='ocrx_word' id='word_1_164' title='bbox 846 2085 903 2147; x_wconf 86' lang='lat' dir='ltr'>est</span> 
     </span>
    </p>

    <p class='ocr_par' dir='ltr' id='par_1_3' title="bbox 160 2173 1319 2944">
     <span class='ocr_line' id='line_1_20' title="bbox 250 2173 1318 2260; baseline -0.006 -18"><span class='ocrx_word' id='word_1_165' title='bbox 250 2180 300 2244; x_wconf 85' lang='lat' dir='ltr'>Ab</span> <span class='ocrx_word' id='word_1_166' title='bbox 321 2178 411 2244; x_wconf 92' lang='lat' dir='ltr'>initio</span> <span class='ocrx_word' id='word_1_167' title='bbox 434 2178 584 2258; x_wconf 88' lang='lat' dir='ltr'>actionis,</span> <span class='ocrx_word' id='word_1_168' title='bbox 608 2184 645 2244; x_wconf 86' lang='lat' dir='ltr'>ut</span> <span class='ocrx_word' id='word_1_169' title='bbox 667 2197 766 2260; x_wconf 90' lang='lat' dir='ltr'>supra</span> <span class='ocrx_word' id='word_1_170' title='bbox 788 2180 1041 2244; x_wconf 85' lang='lat' dir='ltr'>demonstratum</span> <span class='ocrx_word' id='word_1_171' title='bbox 1065 2181 1124 2254; x_wconf 79' lang='lat' dir='ltr'>est,</span> <span class='ocrx_word' id='word_1_172' title='bbox 1147 2173 1252 2240; x_wconf 84' lang='lat' dir='ltr'>differt</span> <span class='ocrx_word' id='word_1_173' title='bbox 1273 2177 1318 2237; x_wconf 79' lang='lat' dir='ltr'>ut-</span> 
     </span>
     <span class='ocr_line' id='line_1_21' title="bbox 162 2271 1318 2358; baseline -0.003 -18"><span class='ocrx_word' id='word_1_174' title='bbox 162 2281 254 2340; x_wconf 80' lang='lat' dir='ltr'>tertor</span> <span class='ocrx_word' id='word_1_175' title='bbox 278 2277 346 2342; x_wconf 88' lang='lat' dir='ltr'>eius</span> <span class='ocrx_word' id='word_1_176' title='bbox 364 2295 548 2354; x_wconf 72' lang='lat' dir='ltr'>progressus,</span> <span class='ocrx_word' id='word_1_177' title='bbox 570 2276 603 2340; x_wconf 94' lang='lat' dir='ltr'>in</span> <span class='ocrx_word' id='word_1_178' title='bbox 617 2295 680 2358; x_wconf 92' lang='lat' dir='ltr'>quo</span> <span class='ocrx_word' id='word_1_179' title='bbox 697 2295 815 2358; x_wconf 87' lang='lat' dir='ltr'>genere</span> <span class='ocrx_word' id='word_1_180' title='bbox 830 2275 913 2340; x_wconf 88' lang='lat' dir='ltr'>actio</span> <span class='ocrx_word' id='word_1_181' title='bbox 929 2275 1089 2340; x_wconf 87' lang='lat' dir='ltr'>obiectum</span> <span class='ocrx_word' id='word_1_182' title='bbox 1108 2289 1201 2337; x_wconf 89' lang='lat' dir='ltr'>suum</span> <span class='ocrx_word' id='word_1_183' title='bbox 1216 2271 1318 2336; x_wconf 87' lang='lat' dir='ltr'>artius</span> 
     </span>
     <span class='ocr_line' id='line_1_22' title="bbox 163 2369 1318 2456; baseline -0.003 -19"><span class='ocrx_word' id='word_1_184' title='bbox 163 2375 255 2454; x_wconf 89' lang='lat' dir='ltr'>qnasi</span> <span class='ocrx_word' id='word_1_185' title='bbox 285 2374 507 2456; x_wconf 86' lang='lat' dir='ltr'>complectitur</span> <span class='ocrx_word' id='word_1_186' title='bbox 534 2391 631 2454; x_wconf 86' lang='lat' dir='ltr'>quarn</span> <span class='ocrx_word' id='word_1_187' title='bbox 658 2375 690 2437; x_wconf 93' lang='lat' dir='ltr'>in</span> <span class='ocrx_word' id='word_1_188' title='bbox 718 2374 825 2454; x_wconf 88' lang='lat' dir='ltr'>priore</span> <span class='ocrx_word' id='word_1_189' title='bbox 853 2389 987 2454; x_wconf 87' lang='lat' dir='ltr'>genere,</span> <span class='ocrx_word' id='word_1_190' title='bbox 1021 2370 1180 2436; x_wconf 87' lang='lat' dir='ltr'>obiectum</span> <span class='ocrx_word' id='word_1_191' title='bbox 1215 2369 1318 2450; x_wconf 88' lang='lat' dir='ltr'>magis</span> 
     </span>
     <span class='ocr_line' id='line_1_23' title="bbox 163 2466 1319 2552; baseline -0.005 -16"><span class='ocrx_word' id='word_1_192' title='bbox 163 2472 329 2552; x_wconf 83' lang='lat' dir='ltr'>magisque</span> <span class='ocrx_word' id='word_1_193' title='bbox 358 2471 481 2537; x_wconf 84' lang='lat' dir='ltr'>actione</span> <span class='ocrx_word' id='word_1_194' title='bbox 510 2471 653 2552; x_wconf 86' lang='lat' dir='ltr'>tangitur</span> <span class='ocrx_word' id='word_1_195' title='bbox 682 2470 774 2552; x_wconf 88' lang='lat' dir='ltr'>quasi</span> <span class='ocrx_word' id='word_1_196' title='bbox 805 2476 838 2536; x_wconf 91' lang='lat' dir='ltr'>et</span> <span class='ocrx_word' id='word_1_197' title='bbox 859 2469 997 2536; x_wconf 86' lang='lat' dir='ltr'>afficitur·</span> <span class='ocrx_word' id='word_1_198' title='bbox 1025 2467 1197 2532; x_wconf 85' lang='lat' dir='ltr'>etsensim</span> <span class='ocrx_word' id='word_1_199' title='bbox 1222 2466 1319 2532; x_wconf 89' lang='lat' dir='ltr'>desti·</span> 
     </span>
     <span class='ocr_line' id='line_1_24' title="bbox 163 2564 1318 2649; baseline -0.007 -13"><span class='ocrx_word' id='word_1_200' title='bbox 163 2570 265 2636; x_wconf 87' lang='lat' dir='ltr'>tuitur</span> <span class='ocrx_word' id='word_1_201' title='bbox 282 2569 376 2649; x_wconf 92' lang='lat' dir='ltr'>plane</span> <span class='ocrx_word' id='word_1_202' title='bbox 393 2587 431 2633; x_wconf 89' lang='lat' dir='ltr'>ea</span> <span class='ocrx_word' id='word_1_203' title='bbox 446 2573 485 2647; x_wconf 90' lang='lat' dir='ltr'>vi,</span> <span class='ocrx_word' id='word_1_204' title='bbox 509 2586 604 2648; x_wconf 86' lang='lat' dir='ltr'>quom</span> <span class='ocrx_word' id='word_1_205' title='bbox 625 2568 731 2648; x_wconf 90' lang='lat' dir='ltr'>ipsum</span> <span class='ocrx_word' id='word_1_206' title='bbox 754 2584 881 2648; x_wconf 90' lang='lat' dir='ltr'>quoque</span> <span class='ocrx_word' id='word_1_207' title='bbox 904 2566 1076 2632; x_wconf 88' lang='lat' dir='ltr'>exercebat</span> <span class='ocrx_word' id='word_1_208' title='bbox 1096 2565 1129 2630; x_wconf 95' lang='lat' dir='ltr'>in</span> <span class='ocrx_word' id='word_1_209' title='bbox 1150 2564 1318 2642; x_wconf 87' lang='lat' dir='ltr'>actionem,</span> 
     </span>
     <span class='ocr_line' id='line_1_25' title="bbox 164 2661 1319 2745; baseline -0.008 -10"><span class='ocrx_word' id='word_1_210' title='bbox 164 2669 191 2735; x_wconf 90' lang='lat' dir='ltr'>si</span> <span class='ocrx_word' id='word_1_211' title='bbox 207 2673 276 2734; x_wconf 88' lang='lat' dir='ltr'>erat</span> <span class='ocrx_word' id='word_1_212' title='bbox 297 2667 456 2732; x_wconf 89' lang='lat' dir='ltr'>obiectum</span> <span class='ocrx_word' id='word_1_213' title='bbox 477 2665 671 2744; x_wconf 86' lang='lat' dir='ltr'>directionis,</span> <span class='ocrx_word' id='word_1_214' title='bbox 693 2666 777 2744; x_wconf 90' lang='lat' dir='ltr'>quod</span> <span class='ocrx_word' id='word_1_215' title='bbox 797 2665 926 2745; x_wconf 92' lang='lat' dir='ltr'>proprie</span> <span class='ocrx_word' id='word_1_216' title='bbox 947 2664 1073 2742; x_wconf 88' lang='lat' dir='ltr'>dieitur,</span> <span class='ocrx_word' id='word_1_217' title='bbox 1097 2666 1134 2726; x_wconf 93' lang='lat' dir='ltr'>ut</span> <span class='ocrx_word' id='word_1_218' title='bbox 1153 2661 1179 2726; x_wconf 90' lang='lat' dir='ltr'>si</span> <span class='ocrx_word' id='word_1_219' title='bbox 1202 2661 1319 2726; x_wconf 89' lang='lat' dir='ltr'>dicitur</span> 
     </span>
     <span class='ocr_line' id='line_1_26' title="bbox 160 2756 1319 2842; baseline -0.007 -12"><span class='ocrx_word' id='word_1_220' title='bbox 160 2769 290 2830; x_wconf 80' lang='lat' dir='ltr'>Romam</span> <span class='ocrx_word' id='word_1_221' title='bbox 306 2769 491 2842; x_wconf 69' lang='lat' dir='ltr'>proficiscor,</span> <span class='ocrx_word' id='word_1_222' title='bbox 514 2767 643 2826; x_wconf 65' lang='lat' dir='ltr'>moseum</span> <span class='ocrx_word' id='word_1_223' title='bbox 665 2782 705 2834; x_wconf 87' lang='lat' dir='ltr'>eo,</span> <span class='ocrx_word' id='word_1_224' title='bbox 726 2768 760 2825; x_wconf 81' lang='lat' dir='ltr'>ta</span> <span class='ocrx_word' id='word_1_225' title='bbox 780 2766 882 2826; x_wconf 78' lang='lat' dir='ltr'>orbem</span> <span class='ocrx_word' id='word_1_226' title='bbox 904 2781 945 2831; x_wconf 85' lang='lat' dir='ltr'>eo,</span> <span class='ocrx_word' id='word_1_227' title='bbox 962 2780 1020 2837; x_wconf 82' lang='lat' dir='ltr'>per</span> <span class='ocrx_word' id='word_1_228' title='bbox 1035 2777 1123 2835; x_wconf 77' lang='lat' dir='ltr'>apros</span> <span class='ocrx_word' id='word_1_229' title='bbox 1140 2778 1241 2834; x_wconf 73' lang='lat' dir='ltr'>cogor.</span> <span class='ocrx_word' id='word_1_230' title='bbox 1280 2756 1319 2822; x_wconf 97' lang='lat' dir='ltr'>In</span> 
     </span>
     <span class='ocr_line' id='line_1_27' title="bbox 163 2855 1319 2944; baseline -0.012 -12"><span class='ocrx_word' id='word_1_231' title='bbox 163 2865 267 2932; x_wconf 87' lang='lat' dir='ltr'>altero</span> <span class='ocrx_word' id='word_1_232' title='bbox 288 2865 388 2944; x_wconf 87' lang='lat' dir='ltr'>igitur</span> <span class='ocrx_word' id='word_1_233' title='bbox 410 2879 528 2943; x_wconf 88' lang='lat' dir='ltr'>genere</span> <span class='ocrx_word' id='word_1_234' title='bbox 552 2862 635 2927; x_wconf 88' lang='lat' dir='ltr'>actio</span> <span class='ocrx_word' id='word_1_235' title='bbox 658 2861 753 2942; x_wconf 89' lang='lat' dir='ltr'>plane</span> <span class='ocrx_word' id='word_1_236' title='bbox 776 2859 1020 2940; x_wconf 90' lang='lat' dir='ltr'>comprehendit</span> <span class='ocrx_word' id='word_1_237' title='bbox 1042 2856 1165 2937; x_wconf 87' lang='lat' dir='ltr'>sibique</span> <span class='ocrx_word' id='word_1_238' title='bbox 1190 2855 1319 2922; x_wconf 87' lang='lat' dir='ltr'>subiicit</span> 
     </span>
    </p>
   </div>
   <div class='ocr_carea' id='block_1_3' title="bbox 161 2952 1320 3333">
    <p class='ocr_par' dir='ltr' id='par_1_4' title="bbox 161 2952 1320 3333">
     <span class='ocr_line' id='line_1_28' title="bbox 162 2952 1319 3043; baseline -0.01 -16"><span class='ocrx_word' id='word_1_239' title='bbox 162 2961 255 3043; x_wconf 89' lang='lat' dir='ltr'>quasi</span> <span class='ocrx_word' id='word_1_240' title='bbox 277 2961 435 3026; x_wconf 90' lang='lat' dir='ltr'>obiectum</span> <span class='ocrx_word' id='word_1_241' title='bbox 459 2978 551 3025; x_wconf 90' lang='lat' dir='ltr'>snum</span> <span class='ocrx_word' id='word_1_242' title='bbox 581 2977 683 3040; x_wconf 89' lang='lat' dir='ltr'>eoque</span> <span class='ocrx_word' id='word_1_243' title='bbox 705 2976 838 3040; x_wconf 89' lang='lat' dir='ltr'>prorsus</span> <span class='ocrx_word' id='word_1_244' title='bbox 868 2958 991 3038; x_wconf 91' lang='lat' dir='ltr'>potitur</span> <span class='ocrx_word' id='word_1_245' title='bbox 1015 2960 1049 3020; x_wconf 93' lang='lat' dir='ltr'>et</span> <span class='ocrx_word' id='word_1_246' title='bbox 1069 2954 1155 3034; x_wconf 86' lang='lat' dir='ltr'>cogit</span> <span class='ocrx_word' id='word_1_247' title='bbox 1182 2952 1269 3017; x_wconf 68' lang='lat' dir='ltr'>illud⁴</span> <span class='ocrx_word' id='word_1_248' title='bbox 1282 2956 1319 3016; x_wconf 89' lang='lat' dir='ltr'>ut</span> 
     </span>
     <span class='ocr_line' id='line_1_29' title="bbox 162 3050 1319 3138; baseline -0.011 -13"><span class='ocrx_word' id='word_1_249' title='bbox 162 3060 223 3125; x_wconf 89' lang='lat' dir='ltr'>sibi</span> <span class='ocrx_word' id='word_1_250' title='bbox 240 3058 369 3138; x_wconf 87' lang='lat' dir='ltr'>serviat,</span> <span class='ocrx_word' id='word_1_251' title='bbox 392 3060 478 3138; x_wconf 93' lang='lat' dir='ltr'>quod</span> <span class='ocrx_word' id='word_1_252' title='bbox 497 3055 542 3136; x_wconf 86' lang='lat' dir='ltr'>fit,</span> <span class='ocrx_word' id='word_1_253' title='bbox 566 3057 621 3122; x_wconf 90' lang='lat' dir='ltr'>ubi</span> <span class='ocrx_word' id='word_1_254' title='bbox 642 3057 842 3122; x_wconf 85' lang='lat' dir='ltr'>accusativus</span> <span class='ocrx_word' id='word_1_255' title='bbox 861 3054 986 3136; x_wconf 90' lang='lat' dir='ltr'>positus</span> <span class='ocrx_word' id='word_1_256' title='bbox 1008 3056 1059 3118; x_wconf 92' lang='lat' dir='ltr'>est</span> <span class='ocrx_word' id='word_1_257' title='bbox 1078 3051 1133 3130; x_wconf 93' lang='lat' dir='ltr'>qui</span> <span class='ocrx_word' id='word_1_258' title='bbox 1147 3050 1319 3129; x_wconf 91' lang='lat' dir='ltr'>respondet</span> 
     </span>
     <span class='ocr_line' id='line_1_30' title="bbox 161 3149 1319 3239; baseline -0.014 -15"><span class='ocrx_word' id='word_1_259' title='bbox 161 3157 203 3224; x_wconf 86' lang='lat' dir='ltr'>ud</span> <span class='ocrx_word' id='word_1_260' title='bbox 225 3155 495 3239; x_wconf 88' lang='lat' dir='ltr'>interrogationes</span> <span class='ocrx_word' id='word_1_261' title='bbox 518 3159 622 3232; x_wconf 78' lang='lat' dir='ltr'>quem?</span> <span class='ocrx_word' id='word_1_262' title='bbox 648 3157 741 3231; x_wconf 74' lang='lat' dir='ltr'>quid?</span> <span class='ocrx_word' id='word_1_263' title='bbox 766 3152 929 3228; x_wconf 74' lang='lat' dir='ltr'>relcuom</span> <span class='ocrx_word' id='word_1_264' title='bbox 953 3151 1090 3226; x_wconf 64' lang='lat' dir='ltr'>capaci,</span> <span class='ocrx_word' id='word_1_265' title='bbox 1118 3167 1207 3224; x_wconf 79' lang='lat' dir='ltr'>quom</span> <span class='ocrx_word' id='word_1_266' title='bbox 1236 3149 1319 3216; x_wconf 69' lang='lat' dir='ltr'>diui,</span> 
     </span>
     <span class='ocr_line' id='line_1_31' title="bbox 161 3247 1320 3333; baseline -0.008 -15"><span class='ocrx_word' id='word_1_267' title='bbox 161 3258 339 3333; x_wconf 67' lang='lat' dir='ltr'>quantumi,</span> <span class='ocrx_word' id='word_1_268' title='bbox 362 3254 490 3320; x_wconf 89' lang='lat' dir='ltr'>similes.</span> <span class='ocrx_word' id='word_1_269' title='bbox 529 3252 627 3318; x_wconf 85' lang='lat' dir='ltr'>Cuius</span> <span class='ocrx_word' id='word_1_270' title='bbox 649 3251 823 3318; x_wconf 85' lang='lat' dir='ltr'>accusativi</span> <span class='ocrx_word' id='word_1_271' title='bbox 845 3249 986 3315; x_wconf 88' lang='lat' dir='ltr'>varietas</span> <span class='ocrx_word' id='word_1_272' title='bbox 1007 3247 1182 3328; x_wconf 89' lang='lat' dir='ltr'>perexigua</span> <span class='ocrx_word' id='word_1_273' title='bbox 1204 3249 1264 3325; x_wconf 88' lang='lat' dir='ltr'>est,</span> <span class='ocrx_word' id='word_1_274' title='bbox 1286 3250 1320 3310; x_wconf 90' lang='lat' dir='ltr'>et</span> 
     </span>
    </p>
   </div>
   <div class='ocr_carea' id='block_1_4' title="bbox 159 3343 1320 4307">
    <p class='ocr_par' dir='ltr' id='par_1_5' title="bbox 159 3343 1320 4307">
     <span class='ocr_line' id='line_1_32' title="bbox 161 3343 1318 3433; baseline -0.012 -13"><span class='ocrx_word' id='word_1_275' title='bbox 161 3359 229 3422; x_wconf 90' lang='lat' dir='ltr'>tum</span> <span class='ocrx_word' id='word_1_276' title='bbox 252 3357 386 3433; x_wconf 87' lang='lat' dir='ltr'>propter</span> <span class='ocrx_word' id='word_1_277' title='bbox 408 3350 489 3416; x_wconf 86' lang='lat' dir='ltr'>hunc</span> <span class='ocrx_word' id='word_1_278' title='bbox 512 3368 641 3416; x_wconf 89' lang='lat' dir='ltr'>causam</span> <span class='ocrx_word' id='word_1_279' title='bbox 664 3355 732 3415; x_wconf 91' lang='lat' dir='ltr'>tum</span> <span class='ocrx_word' id='word_1_280' title='bbox 755 3346 840 3429; x_wconf 86' lang='lat' dir='ltr'>quod</span> <span class='ocrx_word' id='word_1_281' title='bbox 860 3347 1021 3412; x_wconf 86' lang='lat' dir='ltr'>laxissime</span> <span class='ocrx_word' id='word_1_282' title='bbox 1047 3349 1170 3410; x_wconf 89' lang='lat' dir='ltr'>tantum</span> <span class='ocrx_word' id='word_1_283' title='bbox 1192 3343 1318 3408; x_wconf 88' lang='lat' dir='ltr'>vinculo</span> 
     </span>
     <span class='ocr_line' id='line_1_33' title="bbox 160 3442 1319 3530; baseline -0.011 -13"><span class='ocrx_word' id='word_1_284' title='bbox 160 3469 235 3518; x_wconf 91' lang='lat' dir='ltr'>cum</span> <span class='ocrx_word' id='word_1_285' title='bbox 258 3450 451 3530; x_wconf 88' lang='lat' dir='ltr'>cogitatione</span> <span class='ocrx_word' id='word_1_286' title='bbox 476 3448 538 3514; x_wconf 88' lang='lat' dir='ltr'>loci</span> <span class='ocrx_word' id='word_1_287' title='bbox 562 3449 749 3513; x_wconf 89' lang='lat' dir='ltr'>coniunctus</span> <span class='ocrx_word' id='word_1_288' title='bbox 778 3452 841 3524; x_wconf 86' lang='lat' dir='ltr'>est,</span> <span class='ocrx_word' id='word_1_289' title='bbox 875 3460 1035 3523; x_wconf 86' lang='lat' dir='ltr'>nunquam</span> <span class='ocrx_word' id='word_1_290' title='bbox 1061 3442 1198 3522; x_wconf 90' lang='lat' dir='ltr'>requirit</span> <span class='ocrx_word' id='word_1_291' title='bbox 1227 3458 1319 3520; x_wconf 85' lang='lat' dir='ltr'>prae·</span> 
     </span>
     <span class='ocr_line' id='line_1_34' title="bbox 161 3541 1319 3630; baseline -0.015 -16"><span class='ocrx_word' id='word_1_292' title='bbox 161 3547 363 3630; x_wconf 88' lang='lat' dir='ltr'>positionem.</span> <span class='ocrx_word' id='word_1_293' title='bbox 397 3545 551 3626; x_wconf 88' lang='lat' dir='ltr'>Exempla</span> <span class='ocrx_word' id='word_1_294' title='bbox 567 3553 655 3609; x_wconf 89' lang='lat' dir='ltr'>sunt:</span> <span class='ocrx_word' id='word_1_295' title='bbox 679 3547 792 3606; x_wconf 71' lang='lat' dir='ltr'>dormio</span> <span class='ocrx_word' id='word_1_296' title='bbox 815 3549 905 3605; x_wconf 75' lang='lat' dir='ltr'>mcum</span> <span class='ocrx_word' id='word_1_297' title='bbox 927 3545 1058 3611; x_wconf 75' lang='lat' dir='ltr'>tionem,</span> <span class='ocrx_word' id='word_1_298' title='bbox 1079 3544 1204 3602; x_wconf 76' lang='lat' dir='ltr'>multum</span> <span class='ocrx_word' id='word_1_299' title='bbox 1225 3541 1319 3607; x_wconf 69' lang='lat' dir='ltr'>cauo,</span> 
     </span>
     <span class='ocr_line' id='line_1_35' title="bbox 159 3639 1320 3719; baseline -0.009 -9"><span class='ocrx_word' id='word_1_300' title='bbox 159 3651 256 3710; x_wconf 81' lang='lat' dir='ltr'>uttam</span> <span class='ocrx_word' id='word_1_301' title='bbox 276 3647 438 3710; x_wconf 73' lang='lat' dir='ltr'>inauratam</span> <span class='ocrx_word' id='word_1_302' title='bbox 459 3648 535 3714; x_wconf 71' lang='lat' dir='ltr'>olco</span> <span class='ocrx_word' id='word_1_303' title='bbox 556 3649 670 3719; x_wconf 81' lang='lat' dir='ltr'>patrem</span> <span class='ocrx_word' id='word_1_304' title='bbox 692 3661 767 3705; x_wconf 83' lang='lat' dir='ltr'>omo.</span> <span class='ocrx_word' id='word_1_305' title='bbox 805 3641 942 3706; x_wconf 81' lang='lat' dir='ltr'>Maxime</span> <span class='ocrx_word' id='word_1_306' title='bbox 965 3639 1016 3706; x_wconf 92' lang='lat' dir='ltr'>hic</span> <span class='ocrx_word' id='word_1_307' title='bbox 1038 3639 1240 3704; x_wconf 86' lang='lat' dir='ltr'>accusativus</span> <span class='ocrx_word' id='word_1_308' title='bbox 1263 3653 1320 3716; x_wconf 86' lang='lat' dir='ltr'>ap·</span> 
     </span>
     <span class='ocr_line' id='line_1_36' title="bbox 160 3733 1319 3826; baseline -0.014 -14"><span class='ocrx_word' id='word_1_309' title='bbox 160 3750 257 3826; x_wconf 82' lang='lat' dir='ltr'>paret</span> <span class='ocrx_word' id='word_1_310' title='bbox 278 3745 312 3808; x_wconf 91' lang='lat' dir='ltr'>in</span> <span class='ocrx_word' id='word_1_311' title='bbox 334 3743 459 3808; x_wconf 90' lang='lat' dir='ltr'>obiecto</span> <span class='ocrx_word' id='word_1_312' title='bbox 482 3742 668 3819; x_wconf 88' lang='lat' dir='ltr'>verborum,</span> <span class='ocrx_word' id='word_1_313' title='bbox 691 3757 775 3820; x_wconf 87' lang='lat' dir='ltr'>quae</span> <span class='ocrx_word' id='word_1_314' title='bbox 799 3738 928 3820; x_wconf 87' lang='lat' dir='ltr'>proprie</span> <span class='ocrx_word' id='word_1_315' title='bbox 952 3736 1113 3814; x_wconf 88' lang='lat' dir='ltr'>dicuntur,</span> <span class='ocrx_word' id='word_1_316' title='bbox 1136 3733 1319 3800; x_wconf 84' lang='lat' dir='ltr'>transitivo·</span> 
     </span>
     <span class='ocr_line' id='line_1_37' title="bbox 160 3833 1319 3923; baseline -0.012 -15"><span class='ocrx_word' id='word_1_317' title='bbox 160 3841 352 3923; x_wconf 76' lang='lat' dir='ltr'>rumonim</span> <span class='ocrx_word' id='word_1_318' title='bbox 368 3857 466 3907; x_wconf 88' lang='lat' dir='ltr'>unum</span> <span class='ocrx_word' id='word_1_319' title='bbox 481 3856 592 3919; x_wconf 88' lang='lat' dir='ltr'>genus,</span> <span class='ocrx_word' id='word_1_320' title='bbox 608 3837 664 3903; x_wconf 91' lang='lat' dir='ltr'>ubi</span> <span class='ocrx_word' id='word_1_321' title='bbox 679 3836 762 3902; x_wconf 89' lang='lat' dir='ltr'>ratio</span> <span class='ocrx_word' id='word_1_322' title='bbox 778 3841 952 3918; x_wconf 86' lang='lat' dir='ltr'>spectatur,</span> <span class='ocrx_word' id='word_1_323' title='bbox 968 3851 1050 3914; x_wconf 87' lang='lat' dir='ltr'>quae</span> <span class='ocrx_word' id='word_1_324' title='bbox 1062 3834 1147 3898; x_wconf 90' lang='lat' dir='ltr'>inter</span> <span class='ocrx_word' id='word_1_325' title='bbox 1158 3833 1319 3898; x_wconf 87' lang='lat' dir='ltr'>obiectum</span> 
     </span>
     <span class='ocr_line' id='line_1_38' title="bbox 161 3929 1319 4008; baseline -0.01 -2"><span class='ocrx_word' id='word_1_326' title='bbox 161 3937 313 4006; x_wconf 84' lang='lat' dir='ltr'>effectum</span> <span class='ocrx_word' id='word_1_327' title='bbox 336 3943 370 4002; x_wconf 89' lang='lat' dir='ltr'>et</span> <span class='ocrx_word' id='word_1_328' title='bbox 397 3937 555 4004; x_wconf 76' lang='lat' dir='ltr'>audonem</span> <span class='ocrx_word' id='word_1_329' title='bbox 585 3932 777 4002; x_wconf 86' lang='lat' dir='ltr'>efficientem</span> <span class='ocrx_word' id='word_1_330' title='bbox 805 3933 989 4008; x_wconf 88' lang='lat' dir='ltr'>intercedit,</span> <span class='ocrx_word' id='word_1_331' title='bbox 1023 3934 1169 3997; x_wconf 77' lang='lat' dir='ltr'>muectiot</span> <span class='ocrx_word' id='word_1_332' title='bbox 1194 3929 1319 3994; x_wconf 84' lang='lat' dir='ltr'>nomine</span> 
     </span>
     <span class='ocr_line' id='line_1_39' title="bbox 160 4027 1319 4118; baseline -0.014 -14"><span class='ocrx_word' id='word_1_333' title='bbox 160 4035 328 4118; x_wconf 83' lang='lat' dir='ltr'>designari</span> <span class='ocrx_word' id='word_1_334' title='bbox 360 4037 476 4116; x_wconf 85' lang='lat' dir='ltr'>potest</span> <span class='ocrx_word' id='word_1_335' title='bbox 528 4033 691 4098; x_wconf 88' lang='lat' dir='ltr'>Habemus</span> <span class='ocrx_word' id='word_1_336' title='bbox 723 4031 824 4111; x_wconf 82' lang='lat' dir='ltr'>igitur</span> <span class='ocrx_word' id='word_1_337' title='bbox 853 4030 973 4110; x_wconf 88' lang='lat' dir='ltr'>duplex</span> <span class='ocrx_word' id='word_1_338' title='bbox 1006 4027 1179 4094; x_wconf 82' lang='lat' dir='ltr'>accusativi</span> <span class='ocrx_word' id='word_1_339' title='bbox 1208 4042 1319 4106; x_wconf 83' lang='lat' dir='ltr'>genuus,</span> 
     </span>
     <span class='ocr_line' id='line_1_40' title="bbox 160 4122 1320 4210; baseline -0.011 -10"><span class='ocrx_word' id='word_1_340' title='bbox 160 4137 365 4200; x_wconf 70' lang='lat' dir='ltr'>uacaudoum</span> <span class='ocrx_word' id='word_1_341' title='bbox 387 4134 517 4210; x_wconf 79' lang='lat' dir='ltr'>reptouu</span> <span class='ocrx_word' id='word_1_342' title='bbox 540 4131 620 4206; x_wconf 81' lang='lat' dir='ltr'>(sive</span> <span class='ocrx_word' id='word_1_343' title='bbox 643 4128 840 4204; x_wconf 84' lang='lat' dir='ltr'>directionis)</span> <span class='ocrx_word' id='word_1_344' title='bbox 863 4133 897 4192; x_wconf 90' lang='lat' dir='ltr'>et</span> <span class='ocrx_word' id='word_1_345' title='bbox 917 4127 1065 4206; x_wconf 85' lang='lat' dir='ltr'>alterum,</span> <span class='ocrx_word' id='word_1_346' title='bbox 1087 4124 1173 4206; x_wconf 90' lang='lat' dir='ltr'>quod</span> <span class='ocrx_word' id='word_1_347' title='bbox 1194 4122 1320 4188; x_wconf 88' lang='lat' dir='ltr'>nomine</span> 
     </span>
     <span class='ocr_line' id='line_1_41' title="bbox 160 4230 891 4307; baseline -0.011 -9"><span class='ocrx_word' id='word_1_348' title='bbox 160 4234 325 4298; x_wconf 68' lang='lat' dir='ltr'>marat</span> <span class='ocrx_word' id='word_1_349' title='bbox 342 4230 558 4306; x_wconf 74' lang='lat' dir='ltr'>progressionis</span> <span class='ocrx_word' id='word_1_350' title='bbox 579 4234 691 4294; x_wconf 88' lang='lat' dir='ltr'>notare</span> <span class='ocrx_word' id='word_1_351' title='bbox 714 4243 891 4307; x_wconf 86' lang='lat' dir='ltr'>possumus.</span> 
     </span>
    </p>
   </div>
   <div class='ocr_carea' id='block_1_5' title="bbox 0 0 1540 4754">
    <p class='ocr_par' dir='ltr' id='par_1_6' title="bbox 0 0 1540 4754">
     <span class='ocr_line' id='line_1_42' title="bbox 0 0 1540 4754; baseline 0 0"><span class='ocrx_word' id='word_1_352' title='bbox 0 0 1540 4754; x_wconf 95' lang='lat' dir='ltr'> </span> 
     </span>
    </p>
   </div>
  </div>
 </body>
</html>
