3064 4754
223 273 290 334 194
655 263 807 306 nomnen.
824 263 888 306 one.
902 263 943 307 iri.

219 437 544 516 ‘obiecti-allidatur,
569 439 629 504 aad
656 437 741 504 notio
765 438 904 504 aubiaoti
932 435 1031 504 officit
1050 435 1118 504 aira
1147 437 1237 518 pouit
1265 441 1387 507 stam

229 537 322 619 quasi
341 537 470 613 ultimi,
492 537 539 602 ita
561 541 599 604 ut
620 535 694 602 huie
714 534 840 604 obiooto
863 540 897 601 et
912 535 1012 602 statui
1034 534 1104 598 eina
1118 535 1217 600 aerbo
1233 553 1386 615 expreaeo

226 633 297 700 aiae
319 633 468 715 qualum
503 634 571 700 elus
603 633 699 715 plana
721 632 835 700 eadem
855 635 940 700 ratio
968 631 1147 696 intercedat
1174 649 1246 698 eum
1276 633 1385 698 verbo.

224 731 297 810 Quo
323 729 374 808 iit,
407 735 459 810 nt,
494 731 598 798 sicubi
623 730 807 796 enuntiatio
836 730 947 796 activa
980 732 1124 794 mutatur
1151 728 1184 794 in
1214 731 1387 810 passivam,

229 830 403 908 utrumque
418 827 580 894 obmotm
593 828 628 893 in
642 827 872 894 nominativum
888 831 1041 906 mutetur,
1056 831 1089 890 et
1104 825 1239 892 alterum
1257 828 1387 906 quidem

219 923 284 990 -fiat
306 925 485 991 subiectum
508 925 750 1004 enuntiationis,
772 925 909 990 alterum
929 941 1005 1005 pars
1027 923 1194 1004 potissima
1202 924 1386 1004 praedicati

219 1021 316 1102 team
338 1022 419 1103 diuo,
443 1041 526 1105 quae
547 1022 677 1087 nomino
699 1022 911 1102 exprimitur),
935 1019 1090 1102 siquidem
1113 1020 1249 1100 passivis
1271 1021 1386 1086 horum

217 1120 414 1197 ‹vorborum,
449 1120 626 1203 inquibus
655 1119 740 1184 aetio
767 1117 908 1184 effimeno
935 1119 1079 1196 evannit,
1116 1117 1194 1182 nihil
1221 1119 1283 1184 nisi
1316 1139 1384 1199 esse,

231 1216 445 1298 qualicunque
466 1217 561 1282 modo
584 1216 618 1280 id
638 1234 675 1280 aa
696 1215 806 1296 habat,
829 1216 1017 1298 exprimitur
1038 1228 1211 1294 eorumque
1233 1215 1283 1280 vis
1298 1216 1386 1281 nulla

228 1313 295 1380 alia
315 1317 366 1380 est
385 1314 448 1378 nisi
472 1317 661 1396 copulativa
684 1316 718 1382 Sl
740 1316 839 1396 igitur
860 1313 1022 1395 inpriore
1049 1311 1104 1376 illo
1127 1329 1244 1392 genere
1268 1311 1385 1394 signill-

217 1412 313 1478 oatio
334 1411 425 1477 verm
446 1414 544 1478 aotivi
566 1414 710 1496 gemuli
730 1413 835 1478 forma
864 1431 935 1474 oreo
956 1418 991 1474 ot
1011 1413 1119 1486 aliquis
1141 1411 1234 1484 fedat
1252 1409 1387 1490 exprimi

230 1511 370 1590 poterat,
391 1507 529 1576 fortasse
551 1529 613 1578 non
635 1513 778 1592 ineptum
801 1507 937 1577 erithoc
960 1512 1098 1573 alterurn
1120 1525 1220 1588 genus
1242 1507 1293 1572 ita‘
1311 1504 1386 1572 defi-

219 1605 307 1685 inire,
329 1609 375 1670 ut'
387 1608 547 1688 exprimat
578 1611 667 1690 sarto,
687 1612 723 1672 ai
743 1610 858 1682 atinae
878 1609 927 1671 stt.
1209 1637 1211 1642 ·

552 1793 573 1846 1.
602 1794 823 1850 Aeonattrue
842 1791 1068 1862 quantitatis.

315 1905 366 1964 43.
410 1900 608 1964 Accusatores
633 1899 817 1984 mutitatis:
839 1905 1016 1965 exteasiaoa.
1050 1903 1080 1972 a)
1110 1900 1217 1964 Aeoaa.
1244 1902 1382 1976 reptatas.

230 1993 265 2062 Si
279 1995 448 2061 ,obiectum
470 2002 520 2062 eat
541 2003 695 2078 punctum
715 1999 750 2064 in
771 1999 842 2066 looo
868 1998 919 2063 vel
944 1998 978 2064 in
1000 2001 1159 2078 tempore,
1187 1997 1272 2077 quod
1302 1997 1385 2061 actio

227 2093 324 2173 petit,
363 2099 426 2172 quo
459 2095 494 2158 ei
520 2096 771 2174 perveniendum
804 2107 868 2176 eat,
906 2094 1043 2175 primum
1079 2095 1285 2160 accusativus
1316 2093 1385 2158 sine

227 2190 519 2270 praepositionibus
553 2191 678 2270 positus
706 2211 776 2259 ease
804 2197 920 2274 patant.
964 2191 1036 2256 Huc
1065 2191 1229 2272 pertinent
1249 2192 1385 2256 maxime

225 2286 355 2354 nomina
375 2283 512 2367 urbium,
535 2287 711 2356 insularum
725 2296 951 2370 terrarumque
967 2290 1106 2369 (Alidem,
1126 2289 1275 2368 Oeriom),
1291 2305 1386 2354 voees

225 2384 353 2462 domm,
375 2403 437 2464 rae,
459 2387 668 2468 Aelenmten,
686 2405 889 2464 pessamoum
912 2386 1018 2452 verbis
1033 2389 1124 2467 altre,
1146 2389 1229 2464 dare,
1248 2405 1385 2462 protare

225 2480 437 2562 coniunctum,
449 2483 662 2564 aaapendens
674 2501 695 2548 a
698 2487 934 2565 proaimaaaeo.
945 2483 1006 2548 loci
1015 2483 1301 2564 pendenoaverbis
1312 2501 1385 2547 cum

224 2578 516 2657 praepositionibus
527 2583 576 2660 ad,
590 2583 632 2659 ta,
648 2582 955 2661 autemconiunetis,
969 2581 1104 2660 denique
1118 2581 1223 2646 rarior
1230 2580 1385 2660 loquendi

220 2671 360 2741 formula
370 2679 523 2752 maeoniae
535 2680 588 2741 tre.
611 2678 711 2746 Naev.
727 2679 800 2745 bell.
814 2679 895 2744 Pun.
911 2678 931 2742 l.
946 2676 1002 2754 IV,
1018 2677 1056 2742 ir.
1076 2685 1107 2744 l:
1124 2683 1233 2741 transit
1246 2682 1386 2742 Melitam

216 2773 375 2834 ¹Romanus
394 2802 440 2820 *-
462 2777 587 2837 insulam
610 2780 760 2855 integram
782 2782 898 2840 omnem
920 2779 998 2840 Urit.
1019 2777 1118 2841 Naev.
1141 2774 1265 2840 Hector
1287 2772 1384 2856 profi-

223 2866 345 2932 ciscens
368 2867 406 2932 ir.
426 2875 441 2932 1
467 2871 614 2947 Spartam.
637 2871 741 2937 Pleat.
759 2871 851 2938 Oura.
874 2873 916 2952 ΙΙ,
941 2880 970 2953 3,
985 2878 1040 2938 60:
1062 2882 1148 2951 rogat
1171 2875 1242 2950 quid
1265 2877 1381 2936 veniam

224 2963 356 3028 Uariam.
383 2963 494 3046 'Oapt
535 2967 594 3047 111,
617 2976 647 3049 4,
671 2976 732 3034 41:
769 2974 858 3038 hodie
880 2975 950 3034 hino
972 2975 1047 3034 abiit
1066 2973 1194 3034 Alidem.
1239 2969 1328 3034 Pera.
1352 2987 1382 3034 v.

222 3065 302 3126 259:
325 3065 401 3125 iiam
417 3082 486 3127 erus
503 3067 659 3130 Erotium
681 3087 727 3129 me
750 3073 840 3132 misit.
864 3068 907 3148 ΙΙ,
932 3075 960 3149 5,
985 3073 1042 3132 21:
1066 3073 1209 3130 Dominus
1232 3087 1280 3130 me
1303 3071 1383 3130 Ere-

218 3159 426 3225 ,memberis
447 3171 613 3225 mereatum
636 3167 726 3229 misit.
750 3163 847 3230 Mero.
871 3166 910 3246 V,
933 3172 962 3246 2,
985 3171 1040 3234 96:
1063 3171 1126 3228 Iam
1151 3167 1282 3241 cyprum
1304 3169 1381 3230 roni.

216 3252 318 3320 Mero.
341 3273 369 3320 ν.
395 3261 413 3319 Ι
437 3261 582 3324 Rhodum.
607 3259 632 3339 I,
659 3267 686 3340 1,
711 3266 768 3326 92:
791 3265 933 3326 Rhodum
949 3269 1090 3327 venimus.
1115 3262 1153 3342 V,
1177 3267 1205 3342 2,
1228 3267 1287 3327 98:
1309 3281 1382 3339 por·

219 3354 288 3414 veni
313 3353 488 3419 Gltoleidtm,
511 3355 578 3420 Mil.
600 3357 657 3436 IV,
680 3364 710 3437 4,
723 3361 788 3423 156:
817 3363 940 3423 Pronum
962 3363 1098 3424 Attanae
1119 3363 1267 3438 protinam
1291 3363 1380 3422 abibo

220 3453 328 3512 tetum.
365 3447 456 3515 Mun.¹
474 3452 554 3532 prol.
578 3471 607 3518 v.
631 3458 688 3518 27:
725 3459 890 3520 Tarentum
912 3463 1011 3522 avexit
1033 3477 1142 3522 seeum.
1180 3457 1264 3522 Men.
1287 3457 1325 3536 V,
1349 3463 1379 3536 9,

216 3547 279 3610 ὁδε
316 3547 399 3607 tium.
413 3549 500 3624 patre
530 3558 563 3612 ut
585 3553 645 3614 abii
667 3555 840 3620 Tarentum.
885 3555 928 3634 Π,
954 3562 982 3634 1,
1007 3561 1042 3620 5¹:
1077 3559 1269 3632 quamobrem
1300 3575 1380 3620 nune

216 3643 422 3716 mptdomaam
449 3647 605 3710 vonimus?
633 3652 664 3727 2,
688 3654 742 3714 32:
776 3656 827 3728 qui
854 3660 924 3714 ante
955 3656 1035 3714 huno
1066 3655 1143 3714 tion
1171 3655 1379 3728 montaum

215 3755 373 3834 numquam
401 3743 462 3802 viti
486 3759 587 3818 neque
608 3748 684 3809 verat
729 3746 796 3811 Mil.
818 3749 873 3828 IV,
900 3756 927 3828 1,
952 3754 1007 3814 28:
1041 3753 1202 3827 Ephorum
1246 3749 1377 3816 Terent.

214 3835 350 3917 Adelph.
373 3835 428 3916 IV,
452 3841 481 3917 5,
505 3843 561 3904 21:
582 3843 723 3907 Miletum
743 3863 851 3923 usqua
868 3846 965 3912 Ennii
986 3846 1121 3912 Maleae
1138 3846 1240 3912 exulis
1261 3845 1301 3911 fr.
1320 3851 1375 3912 io:

216 3935 281 4007 Quo
303 3953 384 3996 nuno
405 3954 452 3996 mo
475 3941 612 4000 romam?
640 3945 719 4017 quod
745 3947 803 4007 iter
825 3947 966 4022 inoipiam
988 3945 1128 4021 ingredi?
1171 3945 1302 4008 Motum
1320 3963 1376 4020 po-

213 4033 367 4094 mamae
391 4051 468 4095 anne
491 4037 529 4096 ad
551 4037 651 4100 Peliae
674 4040 775 4102 filias?
799 4038 903 4106 Plaut.
926 4040 994 4106 Mil.
1016 4040 1058 4118 ΙΙ,
1082 4045 1111 4117 6,
1135 4045 1189 4105 54:
1210 4044 1275 4104 nti·
1293 4045 1374 4104 iutro

213 4126 252 4189 etl
274 4145 325 4188 voa
346 4129 473 4193 mmm
494 4129 593 4197 Poen.
615 4133 675 4212 III,
699 4138 728 4214 6,
753 4140 806 4200 19:
828 4140 940 4200 Dauos
962 4142 1103 4202 abtamur
1123 4144 1252 4209 amirae,
1275 4143 1386 4219 mitta,

212 4236 291 4286 aune
313 4233 382 4288 lam.
421 4226 493 4290 Aul.
514 4225 571 4306 lv,
590 4231 620 4298 8,
645 4235 700 4295 12ε
724 4235 773 4294 ibo
797 4243 831 4295 ut
852 4238 908 4298 hoo
932 4237 1057 4298 eandam
1079 4237 1207 4314 imaum,
1233 4236 1289 4300 ubi
1311 4235 1371 4300 du·
