3070 4758
238 255 303 314 334
667 245 823 288 EUNUM·
838 244 902 288 011³.
914 244 957 288 iit·
1008 267 1012 275 =

237 418 277 484 iis
299 433 384 498 quas
405 415 494 484 heis.
537 416 662 484 Phorm.
685 415 793 498 1v‚s,
817 423 875 486 di:
909 419 943 484 Si
961 424 1004 482 ta.
1016 418 1146 493 aliquam
1166 421 1404 491 partam-aequi

216 520 368 594 .houique
390 518 511 582 dixeris.
554 513 749 595 Adelphii,
774 521 802 594 l,
825 521 860 584 9:
882 518 926 579 Tu
948 517 1027 594 qaod
1048 522 1079 576 te
1101 515 1253 590 posterius
1272 529 1402 588 purges.

236 617 322 680 huius
344 633 404 677 non
425 615 543 676 isaiam.
587 612 666 679 llec.
687 612 747 694 III,
772 619 801 694 5,
825 618 882 680 63:
903 617 989 690 parvi
1009 614 1151 690 pendunt.
1195 610 1311 674 ineant.
1335 608 1404 688 IV,

238 717 267 792 3,
291 716 332 778 37
340 731 350 774 :
373 715 418 774 Tu
432 713 495 776 lora
511 713 582 790 quid
596 731 643 774 me
656 714 710 774 liat
724 715 810 788 parri
824 717 939 790 pendis,
963 714 1031 772 dum
1050 713 1097 771 iili
1112 713 1261 771 eonsules.
1294 707 1402 772 Andr.

236 809 297 888 IH,
320 813 349 886 2,
371 813 429 874 46;
457 812 517 874 Sed
539 813 625 886 parvi
646 813 755 887 pendo.
797 810 924 876 Phonm.
945 809 1000 887 IV,
1024 813 1053 885 3,
1075 811 1132 870 41:
1162 809 1302 882 pervim
1326 809 1405 866 tnlit

236 912 303 972 Non
327 911 510 985 suscepissem
533 912 684 970 inventast
707 927 782 985 quae
805 912 905 974 dotem
926 914 1020 984 petat.
1064 903 1190 968 Phorm.
1207 902 1262 982 IV,
1287 906 1316 978 5,
1343 908 1405 966 11:

236 1015 302 1080 tna,
324 1009 447 1080 malm,
477 1007 510 1066 id
531 1025 564 1068 re
587 1006 670 1068 lert?
714 1004 779 1070 GH.
801 1010 917 1082 mopsi,
939 1005 1096 1080 Demipho.
1141 1001 1258 1066 Heaut.
1280 999 1340 1080 III,
1372 1008 1401 1079 1,

237 1108 295 1168 58:
328 1105 404 1166 illud
431 1106 586 1179 permagni
615 1121 648 1165 ra
678 1104 759 1166 ferre
783 1107 923 1167 arbitror.
968 1100 1100 1178 Adelph.
1122 1098 1160 1178 V,
1183 1105 1213 1174 4,
1238 1103 1295 1162 25:
1330 1102 1404 1176 Ego
1501 1143 1502 1164 r

237 1220 353 1280 quoque
376 1204 489 1263 amaia
511 1220 557 1262 me
581 1205 675 1264 amari
696 1212 728 1264 et
748 1207 852 1279 mopso·
867 1203 960 1278 nansi
981 1205 1109 1278 postulo.
1155 1198 1251 1262 Andr.
1274 1196 1334 1276 III,
1370 1201 1403 1276 3,

236 1305 295 1364 42:
328 1301 440 1361 Merito
469 1307 500 1360 ta
523 1317 642 1376 semper
668 1306 796 1362 maxumi
819 1302 893 1374 ieci,
928 1301 1080 1362 Chremen.
1125 1296 1207 1361 Eun.
1230 1295 1256 1375 I,
1289 1300 1317 1374 1,
1341 1299 1403 1358 29:
1501 1335 1502 1354 .

238 1400 317 1472 enin
339 1397 432 1474 agas?
464 1399 523 1458 nisi
545 1406 577 1458 nt
599 1406 630 1458 te
653 1401 782 1462 redimas
810 1407 929 1475 captum
956 1417 1043 1474 quam
1071 1415 1163 1473 queas
1186 1398 1336 1458 Minumo:
1375 1397 1403 1456 ai

237 1514 369 1571 nequeas
392 1499 528 1571 paululo,
563 1505 594 1560 at
615 1497 722 1570 aaran
744 1515 847 1574 queas.
891 1496 972 1560 Eun.
996 1494 1034 1573 V,
1057 1501 1087 1573 5,
1112 1499 1166 1558 14:
1196 1493 1298 1554 Emit?
1319 1495 1403 1568 perii

237 1596 352 1656 harele.
382 1593 515 1667 Quanti?
559 1591 652 1656 PAR.
675 1597 781 1672 viginti
802 1597 898 1656 minis.
943 1591 1260 1671 Heant.1,1,1os:
1297 1594 1404 1667 quanti
1501 1639 1502 1642 .

237 1693 395 1767 panderes.
440 1689 537 1754 Andr.
562 1690 600 1768 V,
623 1695 652 1768 2,
686 1696 739 1755 15:
775 1695 870 1768 Quom
899 1693 1007 1754 faelem
1036 1694 1154 1765 videas,
1188 1691 1304 1752 videtur
1333 1707 1402 1748 esse

240 1792 388 1866 quantivis
409 1792 500 1864 preti.
544 1787 626 1852 Eun.
642 1787 667 1865 l,
688 1793 717 1869 2,
736 1794 792 1854 14:
822 1795 884 1852 Aut
907 1809 961 1864 eqo
984 1793 1060 1851 istue
1084 1790 1137 1850 abs
1158 1796 1188 1848 te
1211 1788 1323 1848 laetum
1346 1789 1401 1845 nili
1501 1779 1502 1842 j

242 1889 412 1962 penderem.
457 1884 591 1964 Adelph.
614 1885 675 1964 III,
696 1891 726 1963 4,
750 1891 783 1950 6:
806 1897 894 1965 pater
916 1891 942 1949 ia
964 1890 1019 1948 nili
1040 1887 1154 1962 pendit.
1199 1882 1334 1964 Adelph.
1355 1882 1400 1956 ΙΙ,
1501 1951 1502 1960 ,

246 1990 274 2060 1,
300 1987 353 2048 13:
377 1985 517 2044 netarum
538 1985 595 2044 hoe
617 1987 670 2044 nili
692 1986 788 2046 facis?

326 2084 375 2144 72.
407 2081 562 2142 deditiores
583 2079 733 2145 materiae.
763 2081 865 2146 Plaut.
878 2081 992 2144 Pseud.
1009 2080 1035 2159 I,
1059 2085 1088 2160 2,
1113 2085 1167 2146 55:
1192 2083 1303 2156 Quibus
1328 2099 1400 2142 enn-
1501 2127 1502 2152 ,

238 2182 297 2240 otis
320 2188 436 2240 montes
458 2182 587 2240 maxumi
609 2180 751 2240 frumenti
772 2187 840 2240 snut
863 2179 992 2256 [structi]
1017 2182 1104 2240 domi.
1134 2177 1259 2242 Terent.
1272 2175 1399 2241 Phorm.
1501 2205 1502 2248 p

236 2273 263 2353 I,
285 2280 315 2351 2,
341 2279 396 2340 18;
424 2281 451 2340 is
473 2295 575 2340 senem
597 2296 653 2354 per
676 2281 821 2354 epistulas
843 2280 987 2353 Pellenit,
1011 2279 1097 2338 modo
1120 2297 1177 2339 uon
1199 2279 1306 2337 menda
1328 2276 1399 2336 aare·

136 2422 138 2426 -
236 2377 396 2450 pollicens.

325 2478 375 2538 73.
403 2471 433 2536 b.
459 2473 615 2536 (ieniiioue
628 2475 791 2548 qualitatis.
821 2471 900 2538 Cato
924 2478 1003 2539 orat.
1027 2475 1067 2538 de
1089 2489 1167 2536 mor.
1191 2469 1299 2534 Claud.
1322 2469 1397 2534 Ner.

240 2573 302 2649 (ap.
325 2569 520 2648 Prisciani,
542 2589 573 2650 p.
590 2575 652 2636 244
674 2575 726 2634 tait
748 2576 933 2652 prolationi:
956 2577 1084 2651 pecunia
1104 2591 1173 2636 mea
1193 2574 1239 2632 rei
1260 2572 1399 2646 publicae
1501 2599 1502 2612 .

236 2669 339 2745 profui
361 2686 448 2746 mam
471 2672 523 2732 isti
543 2672 625 2732 modi
646 2674 690 2730 uti
712 2679 745 2732 tu
768 2690 800 2734 es
828 2673 946 2750 (panim
973 2688 1014 2736 so.
1042 2674 1158 2747 anapia).
1205 2667 1258 2732 Or.
1281 2666 1321 2730 de
1344 2684 1399 2730 ve-

238 2767 318 2832 stitu
342 2773 376 2832 et
393 2766 551 2834 ‚vehiculis
572 2784 622 2847 sp.
638 2767 736 2832 Prisc.
760 2767 795 2832 Τ.
818 2768 844 2846 Ι,
866 2788 896 2849 p.
914 2775 989 2834 243:
1013 2772 1089 2830 Nam
1109 2771 1304 2846 periniurium
1328 2769 1398 2848 siet,

237 2884 304 2928 oum
325 2867 402 2926 mihi
422 2868 460 2928 ob
482 2885 533 2928 eos
555 2882 654 2928 mores
678 2883 751 2942 quos
774 2870 857 2942 prius
881 2870 971 2928 hahui
995 2869 1089 2928 honor
1112 2868 1216 2942 detur,
1239 2869 1289 2928 ubi
1312 2867 1400 2925 datus

237 2972 292 3035 est,
315 2971 378 3024 tum
399 2965 444 3026 uti
466 2980 517 3032 eos
539 2971 649 3036 mntem
672 2973 762 3040 atque
784 2965 840 3024 alii
861 2967 942 3026 modi
964 2967 1027 3027 sim.
1066 2961 1187 3043 Oratio,
1211 2964 1239 3028 si
1261 2980 1296 3027 se
1319 2960 1399 3024 Cae·

238 3059 300 3126 lius
324 3059 398 3128 trib.
427 3059 529 3139 plebis
560 3060 790 3140 appellavisset
817 3077 868 3140 ap.
892 3061 991 3126 Prisc.
1014 3061 1049 3126 Τ.
1072 3060 1098 3138 I,
1120 3079 1150 3141 p.
1175 3067 1250 3126 244:
1285 3063 1399 3136 Ecquis

237 3162 283 3222 iili
305 3162 386 3224 modi
408 3177 475 3223 esse
498 3161 581 3220 vult?
626 3157 705 3223 Cato
720 3159 759 3224 R.
773 3158 811 3224 R.
832 3177 858 3224 e.
878 3165 908 3224 1:
930 3162 1126 3222 Inshnmeuta'
1147 3179 1184 3222 ne
1206 3160 1309 3234 nopai
1331 3162 1397 3219 siet.

236 3256 333 3322 ihm:
356 3258 464 3318 Videte
486 3275 573 3333 quam
588 3259 703 3320 minimi
722 3261 913 3320 instrumenti
929 3265 1175 3334 sumptuosusque
1191 3275 1263 3334 ager
1278 3276 1315 3318 ne
1331 3259 1397 3318 siet.

237 3353 331 3418 Ennii
358 3353 463 3419 annal.
495 3353 613 3433 XVIII,
644 3353 681 3418 fr.
707 3359 736 3434 2,
762 3373 791 3420 v.
814 3361 892 3420 437:
927 3359 991 3418 Nee
1018 3356 1188 3430 amandi
1215 3356 1273 3416 luit
1300 3357 1395 3430 eopia.

236 3450 370 3532 Telephi
397 3449 434 3514 lr.
458 3455 493 3515 8:
528 3455 597 3514 dem
619 3463 666 3514 ese
687 3462 822 3529 potestas
845 3455 956 3516 main.
1001 3452 1203 3518 Euhemerus
1224 3450 1262 3516 ir.
1288 3457 1317 3530 3,
1342 3456 1398 3514 li:

238 3554 264 3612 si
286 3553 357 3626 quid
379 3551 502 3612 liberam
528 3551 627 3612 virilis
648 3567 735 3612 senus
756 3553 790 3612 ‚ei
819 3560 921 3614 uatum
951 3559 1040 3613 esset.
1085 3549 1190 3616 Plani.
1218 3551 1311 3614 True.
1339 3548 1396 3626 IV,

237 3656 268 3728 4,
294 3652 349 3713 30:
378 3650 520 3710 Faeultas
542 3665 653 3723 operae
675 3650 716 3710 mi
738 3651 788 3709 uhi
811 3651 877 3710 erit.
923 3647 1007 3714 Trin.
1027 3646 1088 3726 Ill,
1112 3653 1141 3728 3,
1167 3654 1220 3712 li:
1249 3651 1317 3712 huie
1344 3649 1398 3708 dn·

237 3747 324 3806 aenda·
351 3749 469 3808 interea
497 3747 681 3808 abseesserit
706 3747 832 3808 Lubido.
878 3743 968 3824 Capt.
993 3743 1049 3821 IV,
1072 3749 1102 3824 2,
1131 3751 1184 3808 72:
1218 3747 1397 3807 Nominandi

237 3848 362 3906 istorum
390 3840 446 3905 tibi
472 3846 531 3904 erit
558 3845 652 3920 magis
688 3861 775 3918 quam
805 3846 915 3906 edundi
947 3846 1042 3920 eopia.
1086 3843 1179 3908 True.
1207 3842 1250 3922 Π,
1279 3851 1309 3921 4,
1341 3847 1394 3906 19:

241 3943 335 4015 Quom
360 3944 403 4002 tui
425 3942 545 4002 videndi
567 3943 692 4016 copiast.
717 3938 807 4020 Capi.
830 3939 868 4020 V,
891 3947 921 4018 4,
947 3945 1001 4005 11:
1034 3944 1110 4016 Quia
1131 3945 1172 4002 mi
1193 3945 1265 4004 item
1288 3952 1321 4003 ut
1342 3960 1395 4017 pa·

238 4049 339 4101 rentes
367 4041 444 4100 lueis
466 4040 520 4100 das
543 4040 646 4100 tuendi
669 4043 793 4114 sopiam.
816 4038 932 4104 Pseud.
948 4036 1008 4118 {IV,
1026 4044 1054 4118 7,
1071 4043 1128 4102 99:
1155 4041 1247 4113 Quem
1271 4059 1325 4116 ego
1347 4041 1396 4099 ho

237 4139 345 4198 sonem
365 4139 442 4198 amitt
463 4137 569 4198 cointe
591 4139 659 4198 novi
673 4164 716 4184 ==
730 4137 784 4216 qui
799 4135 893 4200 homo
908 4134 986 4198 mihi
1003 4134 1097 4214 plane
1120 4141 1169 4202 est
1190 4136 1236 4201 ita
1256 4136 1395 4217 ignotus,

237 4238 275 4298 ut
290 4234 332 4312 id,
355 4234 441 4314 quod
455 4233 542 4300 nuile
559 4233 664 4298 colore
679 4233 858 4313 praeditum
874 4241 932 4296 est.
964 4231 1053 4312 sapt.
1066 4232 1126 4313 Ill,
1141 4241 1168 4311 1,
1184 4241 1237 4299 11:
1260 4239 1396 4298 Lacones
