3064 4754
452 267 541 309 OASUS
556 265 824 310 sunsnffldvom.
840 285 864 298 ·
878 265 1017 308 AGOUSU'.
1250 277 1310 340 10ss

158 439 239 524 ipsis
264 440 371 508 verbis
399 438 526 522 (quana
552 445 628 508 sunt
660 444 768 521 ledor,
801 439 916 522 adcor)
945 439 1105 508 abiectam
1130 440 1312 510 mensatim

159 555 233 606 eum
254 535 411 604 infinitivo
433 555 618 620 expressum
641 553 770 620 semper
788 537 822 604 id
845 542 910 618 est,
937 537 1024 618 quod
1045 538 1206 618 apicum,
1232 555 1312 622 argo

159 635 192 701 id
206 635 292 716 cuod
307 635 433 701 actione
449 634 610 717 cogitandi
630 635 730 704 verbo
752 651 904 717 expressa
917 631 1068 714 efficitur„
1087 633 1140 700 cui
1152 635 1316 704 contrarii

160 736 210 799 est
238 731 418 800 enunciatio
452 732 611 800 obiectiva
636 750 696 814 per
721 731 975 800 coniunctionem
1002 733 1082 810 qaod
1109 733 1212 814 elata,
1247 751 1313 816 aaa

159 829 279 896 diserte
301 848 356 896 res
377 830 441 896 iam
463 834 575 896 extans
596 834 808 912 naturamque
835 827 968 897 effectus
990 829 1171 912 exprimens
1192 829 1313 913 signid-

23 959 30 966 ·
159 932 260 994 catur.
302 926 492 993 Enuncietio
515 927 615 1009 igitur
636 945 695 1009 per
715 929 794 1004 quod
815 926 901 994 elata
922 926 1084 994 obiectum
1103 931 1155 993 est
1174 931 1312 1012 recepti

157 1041 243 1104 vum,
266 1023 446 1090 enunciatio
467 1027 576 1090 autem
597 1043 656 1106 per
677 1024 893 1092 accusativum
915 1042 942 1091 a
963 1022 1018 1091 ini.
1040 1023 1167 1105 prolate
1193 1027 1313 1107 produ·

160 1122 290 1187 ctivum.
314 1120 427 1200 (Quasi
449 1122 649 1202 praeteriens
671 1139 893 1202 commemoro,
919 1121 954 1187 in
977 1121 1163 1203 explicanda
1183 1125 1313 1191 enunci-

157 1219 265 1284 atione
286 1215 374 1283 finali
394 1236 453 1299 per
473 1226 508 1282 ot
528 1224 563 1286 et
582 1239 619 1282 ac
642 1219 729 1286 elata
748 1217 1012 1301 proficiscendum
1035 1237 1107 1286 esse
1128 1219 1169 1286 ab
1185 1221 1311 1291 obiecto

160 1315 367 1392 directionis).
389 1351 434 1362 -
457 1315 568 1393 Quivis
590 1317 673 1384 alius
694 1318 895 1384 accusativus
915 1335 987 1385 cum
1007 1317 1115 1384 verbis
1136 1317 1312 1387 transitivis

159 1413 347 1480 coniunctus
369 1414 436 1481 sive
459 1413 561 1496 magis
588 1415 656 1480 sive
685 1416 789 1480 minus
816 1415 985 1497 perspicue
1007 1413 1169 1480 obiectum
1190 1421 1240 1481 est
1261 1435 1312 1484 re·

158 1512 333 1592 ceptivum,
356 1511 449 1576 utin
476 1531 543 1575 amo
559 1518 693 1590 wem,
716 1515 806 1576 laedo
827 1514 1020 1590 Modum,
1041 1513 1122 1576 deleo
1142 1515 1256 1594 arom
1277 1513 1312 1584 in

158 1607 234 1674 solis
257 1607 365 1674 verbis
400 1607 551 1675 factitivis
578 1609 730 1677 videntur
753 1608 867 1676 ambae
893 1609 1039 1676 notiones
1067 1609 1160 1690 quasi
1184 1610 1313 1678 misceri

157 1705 242 1770 inter
275 1722 310 1770 se
335 1709 370 1770 et
399 1703 557 1773 confundi
602 1705 665 1772 Sed
692 1707 720 1772 si
745 1706 805 1772 hoc
833 1707 1030 1785 consideras,
1064 1724 1137 1771 cum
1166 1707 1312 1774 omnibus

158 1802 285 1882 verbis,
323 1820 458 1883 quorum
488 1803 648 1885 generalis
676 1800 868 1886 significatio
896 1809 947 1868 est
973 1805 1114 1878 facundi,
1151 1803 1312 1871 obiectum

157 1917 237 1976 rem,
261 1899 289 1964 si
310 1900 416 1965 minus
442 1899 476 1966 in
502 1919 611 1967 rarum
632 1905 762 1982 natura,
790 1906 825 1967 at
850 1905 940 1968 certe
963 1900 998 1966 in
1028 1899 1221 1980 cogitatione
1247 1901 1312 1968 iarn

162 1999 326 2063 extantem
354 1997 534 2077 exprimens
562 2016 658 2081 posse
688 1998 839 2080 coniungi
867 2002 903 2065 et
928 2003 997 2064 tum
1024 1995 1119 2064 modo
1145 2015 1206 2062 essa
1229 1997 1311 2067 hanc

162 2111 241 2173 rem,
264 2112 322 2159 nec
344 2111 421 2159 vero
443 2096 512 2161 eius
534 2102 683 2166 naturam
697 2097 801 2177 ipsam
814 2095 881 2162 tale
902 2093 1071 2174 declarari,
1089 2093 1311 2174 communae

159 2191 201 2257 sit
228 2189 391 2272 effectum,
428 2197 534 2273 petet,
569 2195 736 2262 etiamtum
763 2191 989 2276 cogitationem
1025 2190 1164 2256 existere
1193 2193 1312 2264 obiecti

157 2289 326 2369 receptio,
352 2289 439 2370 quod
461 2295 569 2356 tamen
591 2292 716 2369 (eodem
740 2291 849 2370 modo,
876 2305 940 2369 quo
969 2288 1003 2354 in
1024 2285 1119 2352 simili
1146 2304 1193 2370 re,
1216 2307 1312 2370 quam

159 2403 258 2466 supra
281 2389 606 2462 commemoravimus)
629 2391 773 2454 mutatur
798 2388 833 2452 in
852 2382 1123 2466 reproductivum.

244 2483 414 2565 Reliquum
446 2490 509 2564 est,
547 2489 584 2550 ut
612 2485 737 2552 dicatur
763 2485 804 2549 de
830 2479 1036 2559 accusativis.
1067 2480 1125 2560 oni
1152 2480 1310 2565 dicuntur,

159 2580 349 2660 duplicibus,
372 2581 427 2663 qui
448 2581 524 2646 item
547 2582 610 2648 huc
624 2583 797 2663 pertinent,
820 2579 911 2645 emus
926 2577 1171 2646 constructionis
1185 2587 1312 2650 constat

159 2676 224 2743 duo
249 2695 368 2760 genera
394 2695 465 2745 esse
494 2677 712 2744 discernenda
756 2677 795 2742 In
823 2674 926 2742 altero
954 2674 1039 2740 euim
1065 2691 1198 2754 genere,
1224 2680 1311 2758 quod

158 2776 286 2841 nomine
317 2779 420 2840 obiecti
446 2795 589 2852 perseam
614 2782 644 2839 ot
669 2770 953 2856 resipiscatur,
983 2773 1016 2836 in
1052 2769 1152 2835 verbo
1183 2789 1312 2856 semper

159 2872 239 2937 hacc
261 2873 309 2938 vis
331 2875 425 2955 inest,
449 2873 592 2939 utactio
614 2871 751 2939 subiecti
772 2870 932 2937 obiectum
946 2868 989 2934 ad
1002 2867 1137 2934 alteram
1150 2868 1309 2938 actionem

158 2969 316 3052 impellat,
349 2972 434 3052 quod
461 2989 520 3052 per
548 2989 620 3034 ostro
653 2989 679 3036 s.
706 2971 819 3045 afficio,
856 2965 1147 3041 compescant
1176 2970 1309 3049 exprimi

159 3071 283 3148 potest;
320 3069 366 3136 sic
392 3071 477 3131 docco
499 3067 584 3133 idem
613 3072 664 3134 est
685 3067 771 3148 quod
792 3067 887 3145 sodo,
916 3069 952 3128 ot
972 3063 1082 3138 suauis
1103 3062 1211 3145 duwe,
1240 3085 1311 3144 roos
1391 3115 1392 3124 .

158 3165 243 3230 idem
264 3166 349 3248 quod
371 3168 450 3242 socio
471 3171 506 3229 at
525 3168 636 3242 aliquia
656 3167 750 3246 dact,
777 3161 926 3230 similiter
946 3160 1105 3224 amedaeo
1126 3158 1211 3226 idem
1225 3166 1312 3244 quod

159 3263 240 3338 facio
267 3268 302 3326 at
323 3265 432 3340 adoaia
458 3268 593 3328 tremeat
623 3262 703 3344 (nisi
729 3262 813 3328 forte
838 3260 872 3327 in
899 3258 961 3324 hoc
983 3253 1128 3336 exemplo
1156 3276 1226 3325 rem
1251 3279 1310 3343 pro

162 3358 289 3425 obiecto
319 3359 503 3427 directionis
530 3359 675 3441 accipere
711 3359 806 3438 velis,
844 3359 956 3423 contra
991 3369 1088 3433 quam
1119 3358 1311 3426 sententiam

159 3454 264 3522 multo
284 3462 454 3537 suntquae
470 3458 533 3524 dici
555 3457 703 3540 possint).
726 3457 938 3524 Accusativus
960 3451 1008 3517 rei
1030 3447 1131 3531 igitur
1152 3455 1310 3538 exprimit,

159 3557 198 3617 ut
211 3553 258 3619 ita
272 3553 385 3632 dicaam
409 3555 569 3622 obiectum
588 3555 720 3631 secundi
741 3555 859 3637 gradm
881 3558 979 3634 atoue
1002 3549 1131 3631 ordinis,
1153 3552 1311 3634 cumipse

159 3649 203 3715 sit
222 3649 385 3718 obiectum
406 3652 542 3721 actionis
563 3651 604 3719 ab
627 3653 751 3722 obiecto
773 3669 931 3735 personae
951 3647 1096 3726 effectae,
1119 3663 1183 3728 quo
1205 3645 1251 3730 da,
1274 3659 1312 3718 nt

159 3745 220 3812 hoc
250 3747 411 3816 obiectum
442 3767 482 3816 ne
509 3750 543 3816 iu
572 3750 700 3831 passive
731 3750 860 3829 quidem
891 3746 1129 3816 constructione
1158 3749 1310 3826 mumma,

160 3844 316 3925 siquidem
338 3847 500 3928 cogitator
523 3848 657 3914 alteram
672 3847 835 3913 ambarum
850 3846 1020 3924 actionum,
1042 3842 1113 3908 dico
1125 3860 1205 3920 eam,
1227 3861 1310 3924 quoe

160 3959 180 4008 e
203 3942 347 4008 subiecto
362 3943 514 4023 primario
536 3942 651 4009 effecta
664 3949 724 4022 est,
746 3943 842 4010 etiam
863 3948 932 4010 tum
947 3957 1084 4016 manere,
1107 3957 1179 4006 cnm
1193 3940 1308 4020 altera,

160 4037 318 4103 actionem
336 4039 410 4105 dico
432 4042 569 4121 arcad,
591 4041 760 4106 evanuerit
784 4046 818 4106 et
838 4040 881 4118 id,
908 4036 994 4121 quod
1014 4042 1111 4101 antea
1131 4043 1203 4102 erat
1224 4039 1311 4105 obie-

162 4138 259 4213 ctum
282 4136 463 4203 mbiectmn
484 4136 603 4203 iactum
623 4139 666 4202 sit
694 4137 924 4204 enunciationie
946 4132 1101 4218 passivae.
1145 4133 1183 4200 In
1208 4135 1311 4202 altero

161 4249 278 4373 genere
299 4234 473 4372 accusativi
495 4233 628 4316 duplicis
650 4235 738 4302 notio
761 4235 853 4302 verbi
872 4253 936 4302 non
958 4231 1034 4300 talis
1054 4238 1118 4313 est,
1141 4253 1205 4317 qua
1226 4233 1310 4300 ectio

235 4335 297 4382 ossa,
327 4336 423 4384 yacus.
450 4335 469 4375 1.
1057 4341 1096 4398 13
