3040 4758
542 271 678 313 NUHERUS
695 275 963 319 tonussemitonium.

819 454 859 512 ml
882 453 913 512 in
937 457 1067 510 mentem
1090 448 1148 510 iult

215 542 272 602 Dis
296 543 503 632 advenientem
526 548 642 619 prodas
663 565 720 623 pro
742 550 858 610 meritis
881 565 969 621 opere
990 553 1080 621 atque
1105 547 1236 621 adloqui.

214 639 261 698 Ne
285 639 332 698 illi
355 641 470 714 edepol,
494 644 519 702 si
545 647 651 706 merito
674 663 741 706 meo
762 645 877 717 referre
900 645 1041 705 studeant
1061 644 1187 716 mattos,

216 738 358 811 Aliquem
374 737 521 799 homiuem
538 742 689 817 adlegent,
708 745 758 817 qui
774 743 846 802 mihi
862 743 1032 804 advenienti
1048 760 1081 802 os
1097 743 1219 803 occillet
1231 745 1337 819 probe,

173 852 214 917 ad
237 871 267 932 q.
291 853 312 917 l.
337 853 468 920 Reinius
488 856 509 920 l.
534 875 559 922 c.
582 875 613 937 p.
641 863 678 923 15
701 859 800 924 habet
820 859 914 925 baec:
950 858 1030 940 „Hic
1058 859 1098 924 ad
1121 859 1335 924 membrorum

174 950 413 1015 similitudinem
443 951 653 1035 efferendam,
683 973 746 1036 quo
773 957 876 1038 magis
899 956 1076 1022 locutiones
1099 956 1180 1020 istae
1204 956 1265 1021 sibi
1286 975 1337 1020 re-

173 1047 354 1126 spondeant
373 1049 517 1129 invicem,
542 1056 654 1129 gratias
675 1054 847 1134 repetitum
870 1071 941 1119 esse
963 1052 1108 1133 quamvis
1130 1071 1193 1116 non
1216 1054 1257 1118 sit
1279 1055 1337 1118 im·

172 1145 355 1224 probabile,
384 1151 493 1211 tamen
515 1149 711 1226 probabilius
734 1156 799 1231 est,
822 1152 1002 1230 librarium,
1029 1149 1079 1213 cui
1107 1150 1195 1230 prius
1225 1154 1336 1227 gratias

172 1241 205 1306 in
228 1246 368 1306 mentem
391 1242 460 1322 fuit,
481 1243 514 1308 id
536 1263 594 1325 pro
617 1251 744 1323 gratiam
767 1247 956 1329 repetisse.“

258 1338 362 1404 Locos
386 1345 507 1420 autem,
540 1341 594 1406 ubi
616 1347 733 1418 pratos
756 1346 958 1410 coniunctum
979 1343 1102 1425 legitur
1125 1363 1196 1410 cum
1220 1347 1331 1405 babere

172 1436 355 1500 emendavit
370 1436 500 1501 Reinios
524 1436 670 1519 (excepto
694 1458 756 1505 uno
771 1441 867 1507 Poen.
883 1442 921 1521 V,
942 1449 972 1521 4,
998 1447 1068 1522 104,
1091 1442 1146 1521 qui
1168 1439 1255 1505 solus
1279 1444 1337 1512 est,

171 1533 305 1597 relictus
335 1533 439 1614 locus,
474 1535 526 1613 qui
561 1534 793 1603 dubitationem
827 1535 966 1615 efficiat).
1016 1539 1064 1601 Ac
1090 1541 1179 1602 recte
1208 1536 1335 1616 quidem

172 1630 240 1694 sine
264 1630 361 1695 dubio
383 1631 443 1696 hoc
465 1631 541 1696 fecit
564 1633 652 1696 Asin.
673 1634 702 1715 Ι,
727 1641 761 1714 2,
793 1641 846 1714 17,
876 1635 1025 1715 quoniam
1048 1641 1186 1698 metrum
1209 1631 1253 1698 ibi
1276 1632 1335 1697 hoc

172 1727 324 1808 postulat,
348 1728 425 1792 item
449 1727 585 1794 fortusse
608 1729 693 1794 Triu.
717 1731 775 1811 ΙΙΙ,
800 1738 834 1811 2,
858 1737 908 1811 33,
933 1749 1123 1812 quamquam
1148 1736 1264 1795 contra
1285 1748 1335 1794 co·

172 1824 259 1890 dices
288 1825 363 1901 (vid.
393 1826 602 1892 Ritschelium
630 1828 661 1892 in
689 1830 864 1911 prolegom.
893 1847 922 1910 p.
947 1831 1031 1906 323).
1077 1827 1197 1892 Locum
1228 1831 1334 1891 autem

173 1921 258 1986 Trin.
276 1923 331 2002 IV,
356 1928 383 2002 1,
407 1929 436 2003 2,
460 1925 514 1988 ubi
537 1925 670 2008 legitur:
694 1929 806 1989 Laetus
829 1930 935 1990 lubens
960 1928 1064 1990 laudes
1089 1947 1144 2004 ago
1168 1934 1200 1987 et
1222 1934 1332 2001 grates,

171 2023 343 2097 gratiasque
366 2024 462 2083 habeo
490 2031 521 2084 et
543 2023 682 2085 fluctibus
713 2029 815 2100 salsis,
851 2024 1007 2088 intactum
1034 2022 1165 2104 reliquii
1192 2021 1333 2098 ReiuiuS,

173 2135 234 2180 non
259 2135 331 2181 esse
355 2119 436 2182 enim
452 2116 533 2184 hunc
549 2119 758 2202 tautologiam
781 2121 836 2200 ait,
865 2121 920 2185 sed
937 2120 1172 2202 loquacitatem,
1196 2117 1334 2198 quaein

173 2213 223 2278 his
246 2213 356 2279 verbis
385 2216 445 2294 sit,
475 2215 598 2282 laetitia
629 2219 783 2283 excusari.
828 2217 964 2298 Propter
990 2233 1198 2297 praegressos
1228 2219 1336 2278 autem

174 2311 318 2390 plurales
343 2315 446 2375 laudes
471 2318 504 2378 et
526 2324 626 2391 grates
649 2311 726 2378 item
751 2319 863 2391 gratias
888 2314 1041 2395 pluralem
1066 2331 1138 2379 cum
1160 2311 1258 2375 verbo
1282 2315 1333 2372 ha·

173 2411 246 2470 bere
270 2409 413 2472 iunctum
437 2414 549 2488 esse.⁴)
593 2411 715 2475 Eodem
744 2411 838 2476 modo
868 2415 1000 2477 excusat
1025 2409 1182 2491 pluralem
1205 2407 1336 2471 Reinius

174 2506 300 2570 Asinar.
325 2505 385 2586 ΙΙΙ,
409 2511 437 2586 2,
463 2513 489 2571 1.
824 2523 831 2530 ·

686 2783 757 2856 Gap.
782 2783 835 2840 ΙΙΙ.

450 2910 505 2975 De
536 2911 689 2976 casibus
721 2911 1063 2976 substantivorum.

263 3080 313 3142 De
331 3095 461 3141 casuum
478 3079 623 3145 doctrina
642 3082 726 3146 inter·
745 3083 942 3147 recentiores
958 3081 1076 3160 optime
1103 3086 1239 3162 egerunt
1256 3078 1344 3143 Gon«

176 3175 274 3239 radus
298 3175 512 3241 Miebelsenus
536 3183 567 3241 et
589 3180 753 3243 Iacobsius
779 3180 811 3243 in
830 3177 1015 3242 zeitschrift
1042 3177 1060 3240 f.
1085 3180 1113 3242 d.
1138 3176 1336 3259 Gymnasial-

176 3290 281 3338 wesen
304 3291 366 3335 von
390 3273 597 3354 Heydemann
621 3277 683 3338 und
708 3276 853 3352 Miitzell,
881 3283 906 3338 l.
930 3275 1062 3354 Jahrgg.
1092 3281 1182 3355 1847,
1207 3281 1235 3338 2.
1249 3271 1334 3351 Hei,

176 3388 205 3449 p.
230 3375 270 3434 93
294 3387 360 3449 sqq.
385 3376 418 3434 et
440 3381 467 3435 3.
492 3372 584 3450 Heit,
609 3389 688 3450 quos
710 3373 910 3451 potissimum
933 3373 965 3435 in
987 3372 1120 3450 singulis
1144 3389 1273 3436 casuum
1297 3371 1343 3433 si·-

177 3465 432 3547 gnifieationibus
456 3470 684 3532 constituendis
709 3487 833 3546 sequar.
878 3468 1023 3530 Iamdiu
1051 3469 1265 3549 disceptatum
1288 3471 1338 3530 est

179 3565 263 3627 inter
287 3566 526 3643 grammaticos,
562 3573 667 3630 utrum
697 3565 807 3628 localis
836 3579 917 3641 quae
941 3564 1056 3627 dicitur
1087 3583 1217 3629 casuum
1239 3565 1336 3644 signi·

176 3658 282 3724 ficatio
299 3667 386 3723 esset
403 3663 592 3742 primigenia
614 3669 647 3726 et
669 3663 742 3725 inde
766 3661 892 3724 demum
909 3660 1074 3724 fluxissent
1093 3663 1237 3726 causales
1253 3679 1334 3741 quae

177 3758 328 3821 dicuntur
350 3759 506 3838 notiones,
530 3779 570 3822 an
594 3765 705 3823 contra
728 3762 814 3822 esset
833 3755 960 3820 iactum.
992 3757 1091 3821 Recto
1112 3758 1189 3821 mihi
1209 3760 1336 3822 videtur

179 3859 323 3918 statuere
346 3854 485 3921 Haasius
509 3858 548 3920 ad
572 3857 748 3936 Reisigium
771 3873 801 3932 p.
826 3859 901 3930 (508,
931 3855 1036 3917 adnot.
1061 3859 1139 3934 508,
1170 3871 1263 3934 quem
1286 3871 1335 3916 se·

246 4075 269 4140 ⁴)
290 4073 458 4128 Ritschelius
478 4075 614 4128 tamenin
634 4073 688 4126 ind.
709 4073 791 4126 schol.
817 4073 1057 4124 Bonn1844-45
1078 4089 1104 4139 p.
1119 4075 1136 4125 4
1154 4079 1229 4125 recte
1248 4087 1336 4124 emen-

178 4155 315 4210 dationem
335 4155 427 4209 Botbii
445 4157 554 4226 recipit:
579 4157 684 4209 Laetos
703 4156 796 4208 lubens
816 4152 911 4207 laudm
929 4167 994 4218 opo,
1011 4159 1110 4220 pratos
1128 4156 1266 4220 pretioque
1284 4154 1333 4206 bc·

177 4237 233 4306 beo,
254 4247 282 4292 et
301 4239 342 4294 sic
361 4238 443 4292 etiam
461 4238 488 4292 iu
508 4238 627 4292 editione
647 4251 705 4290 suu.

1063 4321 1104 4380 2*
