3004 4764
399 247 423 286 Υ.
451 245 622 286 Puououirts
635 243 808 286 innutritus
822 242 860 284 ET
874 239 1052 282 tenuitatem.
1238 247 1302 308 407

154 421 351 488 eiorboml
393 414 527 496 libelli
551 433 612 486 eur
639 414 732 490 elect,
765 412 816 480 ber
837 412 860 480 i
883 412 979 482 Most
1000 412 1044 490 V,
1070 415 1102 492 1,
1126 415 1180 480 24:
1216 413 1305 476 Alter

154 520 212 582 hoe
233 521 360 582 Athenis
383 537 469 582 uemo
491 519 607 581 doctior
628 518 688 578 dici
709 522 818 593 petest,
844 509 994 592 butrioni
1008 507 1104 574 itiner
1119 513 1194 578 cett.
1222 510 1304 579 item

156 613 268 696 Amph.
297 615 358 696 IV,
388 620 422 696 3,
454 618 507 683 12:
546 617 604 692 Qui
631 633 677 676 me
700 615 809 676 Thebis
836 613 911 672 alter
933 613 1006 673 vicit
1025 609 1182 672 miserior?
1226 605 1304 674 ciet.

153 712 212 795 IV,
237 719 264 792 l,
287 717 324 778 8:
361 716 570 780 Scelestiorem
592 716 622 774 iu
645 721 728 776 terre
749 714 860 775 nullum
882 726 947 770 esse
970 709 1103 774 ulmum.
1145 705 1233 770 Pers.
1248 703 1305 786 IV,

156 817 187 890 4,
219 815 274 876 16:
307 817 405 876 nullus
434 817 503 878 leno
531 822 563 876 te
589 813 663 876 ulter
689 811 750 870 erit
776 810 954 884 opulcntior.
997 805 1093 872 Poeu.
1115 801 1177 884 IV,
1213 807 1247 882 2,
1269 807 1304 870 3:

154 913 260 988 Neque
289 913 438 988 periurior
465 929 559 989 neque
590 911 676 987 peior
704 908 778 968 atter
800 913 952 983 usquamst
974 906 1111 982 gentium.
1157 899 1222 968 Mil.
1244 899 1305 981 111,

160 1015 187 1088 l,
220 1013 274 1074 65:
319 1013 360 1072 At
393 1009 509 1086 quidem
537 1011 608 1071 illue
636 1007 743 1068 cetctis
773 1006 823 1081 qui
851 1006 903 1074 sit,
934 1020 992 1064 nen
1019 1002 1151 1062 inuenies
1179 1001 1305 1062 alterum

155 1107 348 1186 Lepidiorem
371 1108 409 1168 cd
431 1108 525 1170 omnis
548 1105 628 1167 res.“
650 1103 739 1168 Heee
758 1100 889 1182 Liugius
911 1097 1045 1164 addens:
1068 1094 1306 1178 ,11111110ωηί-

159 1203 220 1270 bus
242 1203 329 1269 notio
351 1205 488 1283 urendi,
510 1220 606 1282 quem
626 1200 806 1282 Wagnerus
828 1195 911 1275 vult,
941 1213 1073 1277 prorsus
1094 1194 1204 1275 inepte
1222 1193 1307 1260 foret

155 1303 198 1370 ud
214 1299 432 1370 seutentiam.“
469 1300 559 1365 Adde
574 1299 645 1364 Aul.
661 1297 707 1377 II,
725 1302 752 1367 2,
770 1301 822 1362 29:
846 1299 950 1372 Neque
966 1298 1018 1356 illo
1034 1297 1216 1370 quisquamst
1231 1296 1307 1360 ulte

155 1403 245 1466 bodie
275 1420 313 1463 ex
339 1407 515 1477 paupertate
544 1403 670 1476 parcior.
715 1394 781 1460 Mil.
806 1393 853 1472 ΙΙ,
884 1397 918 1471 3,
952 1397 1003 1456 17;
1048 1396 1146 1471 Atque
1178 1411 1232 1468 ego
1260 1397 1306 1458 illi

156 1501 271 1576 espicio
306 1501 509 1561 tusculentem
535 1496 780 1559 Philocomasium
809 1511 874 1554 cum
900 1493 992 1554 altero
1018 1492 1128 1552 Nescio
1151 1509 1208 1567 que
1234 1493 1306 1556 edu·

158 1603 304 1672 terrente,
337 1597 378 1663 sd
414 1611 443 1675 q.
476 1592 497 1660 l.
526 1594 664 1659 Gronov.
692 1588 787 1656 effert
815 1588 909 1654 Truo.
935 1586 966 1667 Ι,
994 1591 1023 1665 2,
1052 1589 1107 1650 58:
1150 1592 1199 1664 qui
1234 1589 1307 1654 olte-

155 1715 226 1760 rem
247 1697 365 1758 incuset
395 1696 509 1772 probri.
552 1689 619 1756 Mil.
646 1688 693 1767 ΙΙ,
724 1695 758 1768 3,
788 1691 846 1751 42:
880 1687 945 1764 quis
972 1687 1059 1747 homo
1084 1686 1114 1746 iu
1144 1690 1233 1750 terris
1264 1690 1308 1750 ul-

156 1800 202 1858 tor
225 1793 310 1872 [test]
333 1792 494 1855 audacior?
522 1787 667 1852 Ξ1111111
690 1786 802 1867 quivis.
845 1786 894 1851 De
922 1780 1140 1847 coniunctione
1161 1784 1211 1846 itte
1232 1787 1308 1850 ulier

156 1909 186 1956 v.
210 1891 238 1970 ἓ.
262 1895 312 1956 21.

242 1989 272 2053 b.
295 1987 344 2053 Ab
367 1989 443 2048 ulter
464 1984 624 2050 diversum
648 1989 699 2051 est
720 1987 805 2054 ultus,
828 1981 913 2062 quod
934 1978 1075 2061 ponitur,
1098 1983 1153 2048 ubi
1174 1981 1214 2048 de
1237 1981 1308 2062 plu·

155 2086 246 2152 ribus
268 2087 385 2166 egitur,
408 2083 459 2149 eui
482 2101 519 2148 ex
542 2083 678 2148 adverso
700 2081 829 2163 ponitur
844 2097 926 2146 uuus
941 2083 1078 2163 quidem.
1114 2082 1184 2148 Uno
1200 2085 1307 2150 temen

157 2183 228 2250 loco
252 2182 364 2260 Plauti,
388 2182 479 2264 cept.
501 2181 580 2263 prol.
604 2201 633 2246 v.
656 2185 676 2246 8
698 2179 791 2261 plene
814 2197 872 2259 pro
895 2182 970 2242 alter
991 2182 1129 2261 pesitum
1151 2184 1210 2259 est,
1232 2195 1311 2258 quo·

157 2282 240 2348 niam
264 2282 313 2346 t'bi
335 2286 459 2347 tantum
483 2281 523 2345 de
544 2281 667 2346 duobus
686 2278 807 2359 agitur:
845 2280 915 2339 Seni
937 2282 1005 2340 huic
1028 2281 1148 2342 fuerunt
1169 2280 1225 2342 lilii
1246 2279 1309 2341 neti

155 2381 229 2455 cue,
266 2379 372 2442 Alium
398 2382 580 2455 quadrimum
609 2395 733 2454 puerum
768 2393 869 2438 servos
900 2381 1024 2452 surpuit.
1070 2376 1120 2442 Ad
1147 2374 1309 2455 vulgarem

155 2493 250 2540 usum
279 2473 359 2540 haec
387 2478 533 2552 spectent
563 2470 718 2551 exemplu:
755 2469 834 2534 Ceto
861 2471 897 2534 R.
927 2472 964 2536 R.
999 2490 1024 2538 o.
1055 2475 1088 2538 6:
1126 2477 1207 2549 Ager
1228 2477 1309 2536 oleto

155 2574 358 2647 conserendo,
396 2574 446 2648 qui
472 2573 502 2630 in
530 2578 646 2632 ventum
676 2571 838 2631 Favonium
867 2574 1015 2646 spectabit
1043 2580 1074 2634 et
1095 2574 1152 2635 soli
1174 2580 1310 2634 ostentus

157 2674 231 2747 erit,
259 2671 338 2731 alites
360 2671 454 2731 bouus
475 2671 573 2728 nullus
597 2669 662 2729 erit.
707 2665 800 2730 Ennii
822 2664 1021 2734 Euhemerus
1044 2673 1074 2749 3,
1097 2672 1151 2734 20:
1175 2671 1309 2732 (111101-

156 2787 223 2830 euru
263 2772 379 2829 vocent.
424 2763 529 2828 Pleut.
566 2762 679 2843 Amph.
709 2762 760 2843 II,
788 2766 820 2842 2,
853 2768 928 2830 196:
972 2769 1030 2829 nisi
1066 2770 1093 2830 ei
1129 2769 1304 2844 quispicmst

159 2868 337 2942 Amphitruo
367 2865 454 2926 elius.
499 2860 597 2926 More.
619 2861 649 2941 1,
675 2867 708 2932 1,
731 2866 786 2926 99:
824 2881 895 2925 ecee
919 2866 956 2926 ed
977 2884 1024 2926 me
1047 2867 1167 2928 advenit
1187 2867 1306 2940 Mulier,

159 2982 219 3040 que
241 2966 363 3024 muliere
387 2963 452 3022 ulio
473 2963 584 3022 nullust
604 2964 745 3038 pulcrior.
790 2959 840 3024 Ad
867 2960 1058 3042 singularem
1080 2979 1172 3028 usum
1190 2979 1308 3042 prono·

157 3059 278 3124 minum
305 3061 385 3124 aliur
411 3062 444 3124 et
473 3060 550 3119 ulter
582 3061 720 3138 spectet,
749 3056 834 3136 quod
856 3075 951 3139 saepe
972 3059 1005 3126 in
1028 3060 1137 3126 eadem
1160 3058 1307 3126 enuncie-

159 3158 246 3222 tione
273 3157 488 3237 duplicantur,
517 3155 547 3220 h.
570 3172 596 3220 e.
620 3159 676 3219 eut
697 3154 766 3235 ipse
788 3154 837 3220 bis
859 3165 1020 3236 ponuntur
1040 3163 1099 3224 eut
1119 3155 1218 3224 semel
1239 3159 1307 3222 tcu-

155 3259 225 3326 tum
253 3258 407 3335 sequente
429 3253 579 3318 adverbio
606 3252 678 3317 inde
701 3252 853 3318 derivato.
896 3253 978 3320 ltem
999 3255 1032 3320 in
1052 3254 1134 3322 binis
1154 3253 1307 3320 membris

159 3352 313 3418 orationis
330 3355 494 3432 ponuntur
514 3351 561 3414 ite
578 3356 614 3416 ut
636 3349 803 3415 disiunctio
825 3347 889 3416 liet.
927 3351 979 3418 Sic
1002 3350 1081 3418 (leto
1104 3352 1141 3418 R.
1164 3351 1202 3418 R.
1224 3369 1250 3416 o.
1271 3355 1305 3414 6:

154 3454 203 3514 Ibi
231 3453 332 3513 oeulos
359 3451 510 3512 modieis
536 3451 629 3526 pedes
656 3458 758 3512 ternos
786 3449 880 3510 ulium
908 3452 945 3514 eb
967 3453 1027 3514 alio
1049 3455 1150 3516 serito.
1201 3448 1305 3514 Pieut

157 3547 223 3614 Mil.
246 3547 300 3628 Ν,
325 3554 353 3627 7,
379 3553 410 3612 1:
447 3548 551 3608 Alium
573 3548 633 3608 ulio
645 3551 730 3622 puoto
744 3555 870 3624 propter
886 3567 1014 3611 emerem
1030 3552 1062 3612 ni
1076 3551 1167 3612 seium
1182 3550 1304 3612 Fecisse

155 3650 261 3723 multu,
298 3645 329 3710 h.
358 3663 386 3712 e.
409 3643 506 3710 elium
529 3644 604 3723 hoe,
626 3643 723 3708 ulium
746 3643 801 3710 illo
823 3643 924 3711 medo.
970 3644 1067 3714 Stielu
1090 3644 1139 3726 Π,
1176 3648 1210 3724 2,
1246 3646 1303 3710 46:

153 3744 244 3807 Alius
265 3746 361 3808 ulium
381 3750 601 3822 percontemur.¹
644 3742 736 3810 Tmo.
759 3741 801 3821 II,
825 3749 856 3823 4,
877 3748 936 3808 49:
962 3751 1059 3809 muter
1073 3746 1197 3808 coctiles
1212 3745 1303 3822 iubet,

158 3871 197 3885 -
218 3842 324 3904 Alium
345 3843 489 3906 auersum
510 3844 565 3904 ire.
610 3840 699 3922 cept.
722 3840 788 3921 ΙΙΙ,
814 3845 847 3920 1,
870 3845 920 3908 28.
964 3841 1093 3906 Terent
1113 3839 1239 3906 Phoruu
1260 3839 1304 3920 11,

155 3939 187 4015 2,
211 3943 265 4004 19:
299 3939 381 4004 Acte
402 3940 552 4005 mundet
568 3942 722 4016 periclum,
744 3941 820 4006 uncle
843 3941 955 4018 eliquit
975 3941 1080 4004 cbrsdi
1100 3946 1209 4016 petest
1252 3935 1306 4004 Sic

155 4033 251 4103 eoem
278 4040 353 4101 atter
374 4037 479 4107 Pleut
502 4034 614 4116 Amph.
637 4034 681 4115 V,
713 4042 744 4116 1,
779 4041 834 4104 tt:
868 4038 1006 4102 Alterum
1026 4038 1123 4098 altem
1144 4037 1305 4113 prehendit

155 4151 208 4196 eos
235 4151 324 4198 mseu
349 4138 526 4212 perniciter,
555 4131 586 4196 h.
613 4150 640 4198 e.
669 4151 767 4200 unum
789 4134 908 4214 dextre,
931 4133 1068 4200 alterum
1089 4134 1196 4214 laevo,
1219 4139 1252 4198 et
1271 4131 1305 4196 iu

154 4229 280 4301 duobus
308 4231 581 4300 euuueistienibus
610 4229 681 4300 Aul.
704 4230 747 4311 li,
769 4236 799 4312 2,
824 4237 877 4298 le:
912 4234 1019 4298 Altero
1037 4249 1129 4298 mcuu
1146 4232 1207 4298 tert
1226 4231 1304 4308 upt-
