3004 4764
370 235 389 274 1.
402 233 572 276 nuououluu
587 235 779 284 ΡΙΙΙΙὸΟΙΙΔῙιΙΔ,
792 233 970 282 POSSESSIVA,
985 233 1158 275 REFLEXIVA.
1263 239 1322 298 351

172 407 326 477 steriores
349 408 522 490 scriptores
536 406 624 474 nullo
638 407 817 474 discrimine
840 407 966 490 generis
981 407 1160 490 promiscue
1181 413 1324 477 mnam,

167 513 300 570 coenam
312 506 469 572 dixerunt.
493 505 545 572 sic
558 505 663 570 Plaut.
680 504 772 572 Truc.
788 506 832 585 II,
850 511 877 584 l,
893 511 934 570 40
949 513 1128 570 nostrorum.
1153 503 1280 582 Mostl,
1293 510 1323 586 3,

172 608 246 670 123:
270 607 380 666 Verum
396 608 465 669 illut
483 623 549 668 esse
572 624 708 668 maxuma
731 607 806 668 adeo
828 624 899 681 pars
921 611 1086 666 cornorum
1107 606 1265 680 intellegit,
1280 629 1325 654 ==

167 706 321 780 vestrum,
344 719 373 765 v.
389 701 626 768 adnotationem
642 700 757 766 Vossii.
791 701 903 782 Amph.
924 702 1005 783 prol.
1022 721 1049 766 v.
1066 707 1101 766 4:
1123 703 1256 762 rationes
1274 717 1322 762 vc·

169 807 300 862 atrorum
322 805 450 862 omnium
473 799 559 880 (pror
583 802 708 864 vestras
731 799 894 879 omnium).
940 798 1055 865 Caecil.
1079 799 1158 864 stat
1181 796 1323 862 Plocium

166 895 204 959 fr.
232 902 263 975 1,
286 914 315 962 v.
341 902 417 962 153:
443 902 515 973 Quis
537 907 703 960 vostrarum
727 900 781 976 (ε
804 903 970 968 vestrum).
992 895 1208 964 TerentHec.
1225 893 1268 968 Η,
1283 901 1322 974 sl,

166 998 222 1059 43:
253 1014 320 1056 nam
348 1001 517 1058 castrorum
539 999 622 1057 nulla
644 1003 699 1073 est,
721 1001 791 1074 quin
813 1007 933 1075 gnatum
956 1000 1028 1058 velit
1050 1000 1168 1057 Ducere
1190 1011 1322 1056 uxorem

252 1096 284 1155 4.
328 1090 559 1171 Nonnunquam
589 1091 668 1157 haec
700 1094 887 1174 pronomina
912 1094 1068 1158 remotius
1098 1095 1223 1156 tantum
1250 1107 1322 1170 spe-

168 1192 256 1254 etant
278 1189 319 1253 ad
340 1191 495 1270 personas
522 1207 603 1269 quae
632 1190 672 1256 iis
694 1187 921 1272 significantur.
944 1191 997 1256 Sic
1019 1190 1121 1255 Plaut.
1145 1187 1238 1252 Most
1261 1186 1321 1268 III,

169 1292 199 1367 2,
224 1293 299 1352 151:
329 1293 370 1351 Aa
392 1296 424 1349 tu
447 1290 523 1350 istoc
546 1289 586 1348 aa
607 1307 660 1350 cos
682 1297 816 1365 optnere,
848 1288 879 1353 h.
902 1309 929 1355 e.
953 1289 986 1354 in
1008 1307 1078 1356 eam
1100 1291 1234 1368 partem,
1265 1284 1322 1350 ubi

169 1403 226 1450 vos
249 1385 341 1463 estin,
374 1405 404 1450 v.
427 1384 663 1450 adnotationem
691 1387 725 1451 in
752 1387 800 1452 ed.
829 1385 1037 1452 Taubmanni.
1088 1385 1229 1448 Pertinet
1259 1380 1321 1448 huc

173 1483 268 1546 etiam
284 1482 311 1547 is
327 1501 404 1547 usus
430 1482 676 1563 praepositionis
704 1487 741 1545 ob
767 1503 837 1549 cum
860 1503 950 1564 pron.
973 1501 1097 1563 person.
1122 1483 1319 1562 coniunctae,

168 1579 223 1644 ubi
245 1582 358 1646 domus
383 1597 540 1661 personae
556 1577 761 1660 significatur.
786 1582 838 1647 Sic
859 1581 986 1646 Terent.
1003 1581 1119 1644 Heaut.
1135 1578 1194 1658 ΙΙΙ,
1211 1584 1240 1650 2,
1257 1583 1314 1642 50:

171 1680 243 1754 Quis
270 1699 373 1742 namo
395 1683 478 1741 nobis
509 1681 661 1756 egreditur
683 1680 774 1756 foras,
798 1679 887 1745 cuius
911 1678 1038 1760 generis
1059 1678 1152 1759 plura
1175 1677 1320 1757 exempla

167 1776 262 1840 attuli
286 1775 312 1855 I,
336 1795 361 1841 c.
383 1777 444 1858 111,
468 1777 495 1855 ἓ.
519 1783 547 1842 9.

253 1878 281 1938 5.
325 1877 434 1937 Dorica·
461 1875 604 1954 exempla
630 1874 710 1941 haec
740 1879 822 1941 sunt.
868 1874 973 1938 Plaut.
1004 1872 1080 1940 Gist.
1104 1872 1159 1952 IV,
1184 1877 1212 1948 2,
1242 1877 1316 1937 104:

163 1976 244 2034 Tene
267 1981 299 2034 tu
323 1977 470 2034 cistellam
492 1977 555 2036 tibi.
577 1973 691 2054 Amph.
715 1973 753 2054 V,
780 1980 807 2052 l,
830 1979 887 2038 29:
910 1977 953 2036 ita
975 1978 1089 2034 animus
1112 1971 1221 2050 [mens]
1243 1973 1320 2032 milei

163 2074 252 2132 etiam
275 2091 353 2132 nunc
376 2074 469 2132 abest.
516 2070 790 2136 Terentinam.
813 2071 856 2151 H,
879 2076 909 2150 4,
933 2077 966 2136 3:
1012 2090 1107 2148 noque
1124 2063 1172 2130 'mc'
1193 2074 1223 2130 in
1247 2089 1317 2134 con·

166 2177 300 2245 spectum
323 2171 432 2244 prodit,
456 2167 485 2232 h.
509 2187 535 2232 e.
560 2170 818 2250 inconspectum
841 2188 955 2242 meum.
1001 2172 1071 2230 i'idi
1091 2183 1318 2246 nonnunquam

164 2264 198 2329 in
220 2266 410 2330 attractione
432 2267 561 2346 ponitur
582 2267 782 2332 coniunctum
805 2285 877 2331 cum
911 2266 1019 2331 dativo
1046 2264 1240 2347 pronominis
1267 2281 1317 2328 re·

163 2361 263 2427 dativi.
287 2362 339 2427 Sic
361 2362 464 2427 Plaut.
487 2365 560 2429 Aul.
584 2365 644 2444 ΙΙΙ,
668 2371 697 2444 6,
722 2371 776 2430 38:

333 2465 399 2538 Ego
422 2470 451 2523 te
475 2465 563 2524 hodie
587 2467 709 2526 reddam
732 2465 889 2537 madidum,
913 2465 940 2524 si
961 2465 1037 2540 vivo,
1057 2464 1163 2538 probe,

336 2563 471 2622 Tibicen
493 2561 677 2622 decretumst
698 2563 800 2623 bibare
824 2579 939 2637 aquam,

162 2655 204 2719 ad
225 2673 253 2738 q.
277 2656 296 2722 1.
319 2655 471 2722 Goeller:
496 2657 553 2736 „In
577 2660 630 2718 tibi
645 2659 846 2722 attractionis
865 2657 1024 2737 quoddam
1041 2674 1141 2738 genus
1157 2663 1216 2736 est,
1240 2675 1314 2720 con-

161 2754 296 2818 trarium
320 2753 367 2818 illi
395 2756 479 2834 quod
501 2755 587 2834 apud
610 2754 751 2820 Graecos
772 2756 805 2818 in
826 2775 887 2822 usn
908 2759 967 2834 est,
991 2755 1045 2834 qui
1067 2771 1241 2834 pronomen
1262 2771 1313 2818 re·

160 2849 293 2916 lativunr
320 2852 561 2918 demonstrativi
597 2853 705 2918 omissi
732 2871 808 2918 casu
840 2852 992 2934 ponunt.“
1037 2852 1190 2918 Similiter
1218 2852 1311 2932 upid.

159 2948 218 3028 ΙΙΙ,
242 2956 270 3031 l,
293 2955 330 3014 8:
364 2954 440 3026 Quid
462 2956 545 3015 illum
567 2953 668 3013 lacere
691 2955 744 3022 vis,
767 2956 817 3030 qui
839 2955 892 3012 unt
914 2954 983 3028 quoi
1004 2955 1125 3014 divitiae
1149 2953 1228 3012 domi
1249 2969 1310 3012 ma·

160 3067 265 3110 xumae
295 3056 379 3123 sunt,
413 3052 443 3112 Is
472 3053 564 3112 habas
591 3069 739 3112 nummum
768 3054 888 3112 nullum.
933 3048 1166 3130 Nonnunquam
1196 3047 1310 3127 ethica,

162 3161 244 3224 quac
272 3146 403 3225 dicitur,
431 3145 661 3227 significatione
686 3146 719 3210 hi
746 3146 847 3212 dativi
874 3151 1080 3226 usurpantur.
1126 3146 1177 3211 Sic
1204 3145 1309 3210 Plaut.

158 3242 494 3324 Amph.11,a‚1eo:
534 3248 611 3320 Quid
640 3265 695 3324 ego
723 3249 778 3308 tibi
799 3247 918 3323 deliqui.
962 3242 1029 3307 Mil.
1052 3243 1079 3323 l,
1103 3250 1130 3324 l,
1154 3251 1190 3308 d:
1233 3248 1312 3306 Nam,

158 3358 213 3418 ego
246 3344 322 3404 hanc
357 3346 544 3406 machaeram
576 3346 648 3404 mihi
676 3347 824 3406 consolari
851 3348 933 3420 volo,
979 3343 1020 3406 ad
1047 3359 1077 3422 q.
1106 3341 1126 3406 l.
1158 3340 1307 3406 Taubm.:

157 3442 254 3517 „Mihi
275 3433 424 3520 παρέλκει.
475 3439 602 3504 Terent.
626 3439 752 3505 Phorm.
782 3440 840 3519 [V,
869 3445 904 3518 9,
927 3440 995 3517 21]:
1042 3443 1175 3516 Quini,
1198 3441 1310 3502 ubiad

156 3557 264 3602 uxores
287 3546 445 3614 ventumst,
469 3546 529 3600 tum
552 3540 627 3600 finnt
649 3557 746 3602 senes.
790 3539 841 3604 Ad
863 3555 948 3618 quac
970 3540 1131 3604 Donatus:
1170 3537 1309 3617 Elegan-

155 3639 205 3700 ter
225 3636 380 3700 insertum
401 3639 498 3711 Mihi,
520 3641 557 3700 ut
578 3636 611 3699 in
632 3635 748 3700 Heaut.
773 3635 828 3715 [II,
854 3641 880 3714 l,
905 3637 954 3714 8]:
1001 3640 1028 3700 is
1050 3640 1100 3712 mi,
1123 3640 1174 3699 ubi
1196 3637 1309 3698 adbibit

153 3735 221 3806 plus
243 3739 342 3811 paulo,
367 3754 421 3797 sua
442 3753 516 3812 quae
539 3741 643 3795 narrat
664 3733 840 3797 facinoral“
864 3735 967 3814 Saepe
989 3733 1049 3798 hac
1077 3731 1307 3815 significatione

156 3828 261 3894 ethica
283 3831 520 3913 coniunguntur
543 3831 639 3896 etiam
672 3850 743 3897 cum
767 3833 948 3913 possessivo
976 3832 1118 3898 eiusdem
1141 3847 1306 3912 personas.

155 3924 207 3991 Sic
228 3926 332 3994 Plaut.
355 3929 471 3997 Bacch.
492 3929 547 4007 IV,
570 3935 600 4011 9,
625 3937 679 3996 71:
708 3938 776 3994 taos
798 3935 853 3994 tihi
877 3951 978 3994 servos
1001 3937 1052 3994 tno
1075 3933 1222 3992 arbitratu
1245 3949 1307 3992 ser·

152 4028 224 4089 viat.
270 4023 360 4106 Capt.
383 4027 461 4109 prol.
485 4047 513 4092 v.
539 4034 573 4094 5:
608 4032 661 4092 Set
682 4033 708 4092 is
731 4050 788 4106 qno
818 4038 909 4107 pacto
932 4032 1044 4092 serviat
1064 4047 1116 4090 suo
1138 4031 1195 4090 sihi
1217 4031 1307 4104 patri.

154 4121 243 4188 Asin.
265 4123 290 4201 I,
317 4131 343 4199 1,
368 4131 421 4190 57:
451 4123 604 4192 benefieiis
626 4149 673 4190 me
696 4147 796 4192 emere
818 4138 938 4206 gnatum
960 4146 1046 4189 suum
1067 4128 1134 4188 stoc
1178 4125 1306 4190 Terent.

150 4219 209 4284 Ad.
234 4219 272 4300 V,
295 4225 325 4300 8,
349 4227 405 4286 35:
445 4226 505 4288 Sco
527 4228 584 4287 slot
605 4230 704 4304 gladio
726 4229 804 4288 hunc
828 4230 937 4304 iugulo.
961 4223 1000 4290 cf.
1020 4223 1048 4301 Ι,
1070 4241 1097 4290 c.
1119 4223 1179 4299 ΙΙΙ,
1211 4223 1231 4300 ξ
1255 4225 1305 4286 60.
