3040 4758
477 251 565 293 CASUS
580 254 848 302 SUBSTAN'I'IVORUM.
863 283 885 292 -
901 263 1004 303 Annum
1271 276 1311 334 53

151 420 233 486 Hee.
260 422 299 500 V,
327 426 359 500 4,
387 425 442 490 33:
475 433 552 506 Ere,
583 435 694 498 lieetne
722 437 799 496 seire
828 453 863 496 eo
894 441 920 498 to
942 438 1043 513 hodie,
1079 439 1150 516 quid
1172 441 1211 500 sit
1234 439 1313 515 quod

153 517 214 580 feei
238 519 330 581 boni?

242 619 271 685 d.
306 627 358 686 Ea
386 643 456 692 eum
485 624 583 690 animi
609 625 736 692 nomine
763 626 981 709 similibusque
1015 629 1158 696 iunctum
1192 632 1315 698 indioat

152 713 314 793 proficisci
337 721 457 804 aliquid
479 740 517 788 ex
539 721 659 788 intimis
688 722 756 790 eius
778 725 826 790 rei
848 725 994 808 partibus
1016 745 1234 808 summamque
1256 728 1315 793 ha·

152 809 232 878 bere
262 817 325 882 vim
355 819 511 902 (Kampm.
539 837 569 885 u.
597 822 656 896 10).
701 821 804 888 Plaut.
833 821 931 888 Stich.
960 822 986 903 Ι,
1013 829 1039 903 l,
1064 831 1097 889 1:
1132 827 1237 888 credo·
1258 845 1314 903 ego

151 913 296 976 miseram
317 917 409 982 fnisse
432 923 624 996 Penelopam,
648 938 742 997 soror,
764 939 818 984 suo
840 941 876 984 ea
898 922 1006 984 aalma.
1051 921 1118 986 Mil.
1134 921 1191 998 HI,
1210 929 1237 1001 1,
1254 925 1312 986 26:

152 1027 191 1072 en
213 1014 317 1088 opibus
338 1019 461 1080 summis
483 1020 541 1080 mei
563 1024 593 1080 te
617 1019 738 1081 honoris
761 1022 858 1095 gratia
880 1022 1013 1097 Mihique
1042 1023 1153 1084 amanti
1180 1024 1225 1082 ire
1248 1024 1314 1096 opi-

152 1112 283 1174 tulatum
307 1117 390 1194 cett,
412 1114 499 1195 quod
519 1113 698 1180 Gronovius
720 1114 858 1198 explieat
880 1133 952 1195 per:
976 1134 1089 1180 summa
1111 1121 1314 1180 contentione.

152 1205 254 1273 Mero.
268 1209 294 1288 Ι,
319 1215 347 1291 2,
375 1219 409 1276 1;
432 1218 485 1276 Eo
507 1215 629 1276 summis
652 1215 755 1290 opibus
776 1215 948 1290 uiribusque
974 1232 1067 1292 usque
1090 1217 1243 1291 experire:
1268 1218 1315 1277 ni·

153 1311 230 1380 tere,
255 1305 285 1371 h.
310 1325 335 1372 e.
360 1327 483 1374 summo
507 1327 615 1390 opere,
639 1309 710 1374 vide
732 1309 970 1376 adnotationem
993 1309 1153 1376 Palmerii.

242 1423 268 1470 e.
306 1411 358 1475 Ee
387 1406 433 1472 ita
461 1406 541 1472 uixit
568 1403 726 1487 proficisci
756 1407 876 1490 aliquid
903 1411 936 1472 et
963 1408 1092 1487 prodire
1122 1427 1160 1474 ex
1181 1410 1245 1475 alia
1265 1428 1314 1490 re,

153 1507 192 1567 ut
216 1503 244 1566 ei
267 1509 514 1570 consentaneum
536 1505 587 1583 sit,
610 1505 693 1572 idem
717 1506 801 1586 quod
825 1509 995 1584 seeundum,
1020 1503 1127 1590 gemo&
1152 1508 1311 1588 (Kampm.

152 1617 185 1664 n.
213 1603 270 1674 11).
316 1600 432 1666 Nasica
461 1602 502 1666 ad
525 1600 678 1668 Catonem
705 1621 756 1684 ap.
780 1601 843 1668 Cio.
867 1603 907 1669 de
928 1610 1007 1670 orat.
1035 1605 1079 1685 ll,
1108 1609 1162 1670 64:
1196 1610 1248 1668 Ea
1268 1608 1313 1666 tui

153 1700 250 1760 animi
270 1705 416 1762 sententio
439 1710 469 1762 ιιι
494 1720 616 1763 uxorem
638 1703 750 1764 habes?
784 1700 870 1782 (vide
900 1702 939 1768 de
966 1703 996 1767 h.
1020 1703 1040 1767 l.
1063 1702 1183 1784 Reisig.
1214 1699 1313 1767 schol.

154 1813 287 1876 gramm.
311 1797 515 1878 napum).
558 1797 662 1862 Plaut.
679 1798 761 1865 Men.
778 1799 822 1880 ΙΙ,
842 1805 872 1880 2,
898 1805 931 1864 l:
955 1803 1035 1863 Bene
1060 1803 1202 1877 opsonavi
1224 1808 1314 1876 atque

153 1915 190 1958 eo
212 1915 280 1958 moa
301 1899 452 1960 sententio.
498 1894 596 1962 Mero.
612 1897 638 1976 I,
667 1901 695 1974 1,
714 1902 770 1963 93:
797 1901 876 1974 Quas
900 1917 1015 1962 merces
1038 1917 1184 1972 vexeram,
1210 1899 1313 1961 Omnis

154 2002 189 2055 ut
211 1996 291 2058 volui
310 1996 433 2058 vendidi
455 2013 491 2056 ea
512 1997 664 2057 sententio.
687 1993 803 2059 Pseud.
819 1993 860 2075 H,
876 2001 906 2074 4,
925 2000 979 2061 72:
1003 2017 1040 2060 ex
1063 2016 1129 2060 mea
1151 1996 1312 2058 sententie.

153 2089 238 2156 Men.
263 2091 302 2172 V,
334 2098 363 2170 7,
393 2096 448 2158 30:
479 2095 576 2155 Nimis
606 2095 683 2154 bene
706 2109 759 2155 ora
782 2097 957 2156 commetavi
988 2103 1077 2172 atque
1105 2113 1141 2158 eo
1163 2111 1229 2154 meo
1250 2110 1314 2154 sevu-

155 2194 256 2254 aazia
302 2188 393 2256 Men:
409 2188 447 2270 V,
470 2195 499 2268 9,
523 2192 579 2253 89;
617 2192 762 2265 Quoniam
790 2193 865 2254 haee
894 2203 1057 2254 evenerunt
1079 2195 1178 2266 nobis,
1208 2191 1313 2267 irater,

154 2293 352 2352 assentatio.
387 2287 476 2352 Pers.
495 2287 520 2364 Ι,
546 2293 573 2367 l,
600 2290 652 2351 10:
676 2306 731 2349 nee
747 2291 820 2350 satis
837 2308 900 2350 sum
916 2308 967 2352 ero
984 2291 1182 2352 ausculanus.
1215 2306 1243 2351 v.
1260 2290 1313 2350 18:

156 2387 250 2448 Satiu’
278 2405 349 2464 ergo
373 2406 408 2448 eo
430 2385 595 2448 sananda?
619 2381 716 2449 Merc.
734 2403 763 2448 v.
780 2389 858 2449 370:
882 2404 948 2448 mea
971 2405 1007 2448 ex
1030 2389 1187 2448 sententia.
1226 2383 1313 2448 Trin.

154 2479 211 2563 ΙΙΙ,
236 2487 265 2562 2,
290 2487 344 2547 81;
379 2487 450 2560 Agit
472 2485 521 2543 hie
541 2486 633 2558 magis
658 2480 717 2557 (sie
738 2479 966 2548 Fleckeisenus
988 2482 1020 2547 iu
1042 2482 1141 2563 prael.
1165 2481 1213 2547 ed.
1236 2498 1313 2545 suae

153 2598 183 2661 p.
202 2584 243 2646 30
267 2599 337 2646 eum
354 2579 479 2657 Reizio)
504 2598 539 2641 on
563 2584 735 2652 orpomeuto
758 2589 789 2641 et
810 2599 913 2644 versus
937 2585 1076 2644 meliores
1099 2581 1179 2644 laoit.
1225 2578 1313 2644 Pers.

154 2676 197 2758 11,
222 2683 252 2757 2,
277 2683 333 2744 30:
358 2683 422 2742 uuo
445 2697 481 2742 aa
502 2682 620 2756 inuenio
642 2697 740 2742 mores
762 2682 876 2741 alienos
896 2681 1014 2755 probas.
1059 2676 1142 2741 Men.
1158 2675 1195 2755 V,
1213 2681 1241 2754 2,
1259 2679 1299 2738 37
1307 2695 1316 2740 t

154 2784 265 2856 Apollo
294 2797 329 2840 aa
351 2781 450 2840 oruelo
472 2780 512 2840 mi
535 2781 671 2854 imperat.
717 2774 814 2840 Mero.
836 2773 877 2854 ΙΙ,
902 2780 930 2854 3,
955 2777 1009 2838 6οῑ
1043 2792 1101 2835 nou
1125 2791 1160 2834 en
1186 2791 1243 2836 usu
1264 2791 1317 2834 oo·

153 2881 254 2938 strost.
284 2875 371 2940 Peru.
387 2873 443 2954 IV,
465 2880 495 2955 4,
523 2880 576 2940 14:
599 2878 651 2938 Eoo
675 2879 723 2936 tneo
745 2878 865 2950 inquam
887 2880 981 2934 usust.
1014 2869 1127 2950 Amph.
1145 2869 1184 2948 ΙΙ,
1210 2875 1237 2949 1,
1255 2873 1316 2934 ·20;

156 2977 234 3050 Quid
262 2976 332 3036 mali
355 2991 429 3048 snm,
455 2991 517 3048 ere,
541 2978 594 3034 too
617 2989 652 3034 ae
674 2991 707 3033 re
729 2971 939 3048 promeritum,
960 2968 1045 3047 quod
1066 2968 1179 3032 Douza
1202 2972 1234 3032 et
1252 2966 1316 3030 Bo·

155 3071 222 3134 sius
247 3066 495 3150 significatione:
518 3069 603 3148 quod
626 3070 658 3132 in
673 3071 761 3134 tuam
776 3085 845 3132 rem
868 3084 939 3131 esse
960 3064 1071 3148 possit,
1096 3082 1135 3128 ex
1154 3068 1211 3127 tuo
1233 3080 1317 3128 com·

155 3167 249 3232 modo
267 3165 386 3232 dietum
401 3170 528 3246 putant,
544 3165 662 3232 rectius
678 3183 750 3232 mee
765 3165 892 3246 quidem
908 3162 1068 3229 sententia
1080 3159 1317 3226 Lindemannus

153 3282 213 3345 pro
237 3273 290 3326 tua
313 3283 411 3339 eausa,
436 3271 624 3341 propterte.
670 3261 955 3344 Οιρι.11,2,4ι;
990 3265 1072 3324 Haeo
1099 3267 1133 3321 tu
1161 3261 1265 3321 eadem
1291 3261 1317 3320 si

155 3364 294 3426 eonfitnn
321 3365 383 3438 vis,
406 3369 458 3424 tuo
480 3381 495 3422 e
515 3380 549 3422 re
571 3363 684 3435 seuera,
706 3359 736 3426 h.
758 3380 784 3426 e.
808 3361 840 3426 in
863 3366 952 3426 tuam
973 3375 1052 3437 rem,
1074 3356 1237 3424 commodo
1260 3360 1318 3420 tuo

153 3457 279 3524 feceris.
324 3458 439 3524 Pseud.
462 3458 488 3538 Ι,
511 3464 540 3538 3,
566 3463 639 3524 102:
674 3463 726 3522 Eo
754 3463 807 3522 uuo
826 3477 858 3520 re
886 3476 945 3520 uon
968 3465 1015 3520 est
1041 3463 1075 3517 ιιι
1098 3474 1152 3532 ego
1180 3456 1317 3516 emoriar.

153 3575 183 3621 v.
210 3561 286 3621 104:
320 3562 372 3620 Eo
400 3564 452 3620 too
478 3566 549 3620 rest·
593 3554 676 3620 Men.
700 3555 755 3634 IV,
782 3560 810 3635 2,
834 3559 891 3620 38;
925 3559 978 3618 Eo
1000 3560 1053 3618 tuo
1075 3571 1120 3624 ro,
1146 3561 1179 3613 ut
1202 3553 1317 3628 opinor,

155 3657 275 3718 feceris.
321 3655 448 3720 Terent.
472 3653 548 3720 Heu.
579 3653 668 3732 V,t,
693 3657 746 3718 32:
776 3655 929 3730 Speroque
953 3655 1031 3714 haue
1053 3671 1117 3713 rem
1139 3669 1205 3712 esse
1230 3665 1319 3710 even·

155 3761 253 3815 turam
282 3756 367 3815 nobis
389 3771 425 3813 eo
447 3753 598 3814 sententio.
642 3748 759 3815 Heaut.
775 3750 802 3828 Ι,
823 3755 852 3830 2,
870 3754 923 3814 29:
945 3753 1082 3812 Huncine
1106 3753 1171 3810 erat
1193 3762 1318 3822 aequom

155 3869 191 3912 eu
217 3852 300 3912 illius
323 3869 403 3912 mure
426 3869 463 3912 an
485 3853 569 3912 illum
593 3867 628 3920 aa
651 3851 737 3910 huius
761 3848 881 3910 vivere?
925 3844 1106 3926 Herzogius
1128 3842 1169 3906 ad
1189 3840 1263 3906 Sall.
1287 3855 1318 3918 p.

157 3951 218 4012 315
243 3947 337 4013 docet
365 3966 401 4010 ex
424 3966 505 4010 more
530 3945 601 4025 diei,
625 3946 652 4012 si
675 3943 834 4025 genitivus
857 3942 993 4008 subiecti
1014 3941 1160 4019 accedat,
1190 3938 1258 4003 sine
1280 3954 1320 4001 eo

157 4044 260 4109 solum
284 4043 460 4110 ablativum
482 4043 567 4108 modi
590 4042 680 4122 poni,
714 4039 803 4106 velut
825 4041 921 4106 Andr.
942 4039 968 4117 I,
996 4047 1024 4119 l,
1051 4042 1119 4104 125.
1159 4033 1320 4113 Heaut.1‚

158 4145 186 4219 2,
210 4145 265 4206 36:
302 4144 445 4206 Scitumst
468 4145 614 4218 periclum
639 4159 675 4202 ex
698 4141 765 4202 aliis
787 4139 903 4216 faeere,
939 4141 995 4202 tibi
1023 4138 1093 4212 quid
1115 4155 1150 4198 eo
1171 4153 1228 4196 ooo
1251 4135 1318 4208 siet,

157 4238 198 4303 ad
222 4255 251 4318 q.
275 4237 294 4302 l.
319 4237 462 4304 lauhun:
501 4237 541 4318 „i.
565 4255 591 4302 e.
618 4253 657 4300 ex
689 4235 792 4300 alieno
821 4232 964 4314 periculo
995 4249 1109 4313 sapere
1140 4237 1172 4297 et
1196 4229 1320 4295 discere
