3064 4754
472 254 561 295 (llSUS
582 257 850 298 suasmsrvtivottuit.
868 276 893 285 -
912 255 1052 296 AOOUSAT.
1280 261 1340 318 187

185 427 246 492 sed
266 431 440 504 quantenus
462 429 621 510 constitui,
644 429 737 494 modo
760 429 819 494 hae
840 428 922 494 duae
937 445 1032 492 voces
1047 429 1199 502 qnontttos
1219 430 1253 490 et
1271 443 1343 500 qno-

185 529 273 595 titos,
301 526 567 606 quemadmodum
595 527 656 590 iam
681 528 713 606 in
736 526 874 591 ablativo
897 525 1064 591 tractando
1086 524 1228 603 tammus,
1251 523 1340 587 latis·

187 623 268 688 aime
291 626 423 702 patente
447 619 675 704 significatione
698 625 904 703 accipiantur.

274 718 367 795 Quod
390 720 417 783 si
438 722 575 800 primum
598 723 813 787 accusativum
836 720 1025 801 quantitatis
1048 726 1245 800 spectamus,
1268 735 1341 782 eum

187 817 375 898 bipartitum
403 835 474 883 esse
502 820 564 884 iam
586 820 682 900 paulo
709 827 785 886 anta
812 819 962 898 vidimus,
997 823 1154 898 quatenus
1177 820 1343 896 spectatur

187 914 351 994 quantitas
374 915 538 980 extensiva
557 923 614 982 aut
635 916 793 983 intensiva
814 916 955 982 audonis.
1000 915 1061 979 Illa
1079 917 1216 995 apparet
1234 913 1267 976 in
1282 916 1343 974 toea

188 1007 382 1088 ettennon,
406 1017 439 1077 et
461 1015 616 1096 actiones,
645 1033 726 1096 quae
748 1015 811 1079 huc
833 1014 1022 1079 referendae
1045 1020 1134 1092 sunt,
1162 1011 1344 1092 exprimunt

184 1116 300 1174 motum
321 1110 354 1173 in
375 1109 445 1176 loco
466 1112 517 1176 vel
538 1112 572 1177 in
594 1118 747 1193 tempore.
782 1112 853 1192 Sed,
878 1116 915 1176 ut
936 1129 1034 1192 supra
1055 1110 1201 1189 vidimus,
1224 1109 1344 1173 discer-

186 1207 327 1272 nendum
359 1215 409 1272 est
438 1209 522 1274 inter
551 1211 768 1276 accusativum
801 1209 882 1273 initii
910 1209 1043 1274 actionis
1081 1226 1115 1273 se
1146 1205 1343 1287 explicantis,

187 1305 243 1385 qui
266 1309 315 1369 est
337 1311 523 1370 consedens
545 1310 714 1370 directiones
736 1310 889 1370 annam
910 1309 1134 1382 spontaneae,
1157 1311 1190 1371 ot
1211 1321 1342 1370 accusa·

183 1402 288 1466 tivum
310 1403 553 1484 progressionis,
577 1423 670 1485 quem
693 1405 799 1470 dicere
821 1404 924 1484 possis
946 1409 1149 1468 maceottvnrn
1169 1406 1345 1466 extensionis

184 1499 383 1579 (distantiae,
406 1503 657 1581 perpetuitatis).

274 1596 441 1661 Obiectum
469 1598 676 1664 directionem
699 1597 879 1680 significans
908 1599 935 1664 si
957 1605 1110 1678 tanquam
1135 1602 1289 1677 punctum
1312 1599 1345 1661 in

186 1695 257 1760 loco
279 1694 331 1757 vel
352 1695 385 1756 in
408 1699 552 1776 tempore
575 1698 750 1778 cogitatur,
784 1713 847 1777 quo
874 1696 1007 1760 directio
1036 1700 1142 1760 motus
1171 1695 1248 1760 satis
1271 1708 1344 1760 oon·

185 1793 346 1872 stituitur,
381 1789 451 1857 finis
473 1794 564 1873 quasi
593 1801 625 1858 et
647 1795 801 1859 terminus
824 1794 929 1858 motds
953 1799 1018 1871 est,
1052 1793 1092 1858 ad
1116 1811 1209 1874 quem
1232 1809 1346 1872 perve-

186 1891 339 1955 niendum
361 1897 425 1970 est,
449 1891 505 1955 sed
527 1892 573 1957 ita
593 1897 710 1971 tamen,
734 1897 770 1956 ut
788 1891 867 1955 illud
883 1907 1083 1971 nequaquam
1104 1895 1195 1956 extra
1213 1895 1345 1968 motum,

186 1985 244 2052 sed
266 1987 351 2052 intra
373 1990 603 2068 compositum
624 1991 675 2055 sit.
699 1989 769 2054 Hoc
791 1990 926 2053 maxime
949 1990 981 2052 in
1003 1988 1182 2054 nominibus
1203 1987 1346 2051 locorum

187 2086 238 2148 vel
262 2086 329 2149 solo
353 2086 535 2152 accusativo
558 2087 772 2169 respondente
800 2087 841 2151 ad
862 2088 1130 2168 interrogationes
1152 2087 1230 2160 qno?
1260 2103 1346 2159 quor·

181 2185 273 2244 snm?
296 2182 346 2246 vel
368 2201 439 2247 cum
458 2185 760 2263 praepositionibus,
784 2185 919 2248 maxime
940 2188 981 2246 nd
1000 2189 1033 2249 et
1051 2189 1085 2245 tn
1105 2185 1272 2248 coniuncto
1294 2201 1346 2247 ex-

185 2281 346 2360 primitur.
389 2279 508 2356 Quodsi
532 2283 689 2348 coiectum
713 2300 775 2347 non
801 2288 851 2346 est
871 2283 934 2347 nisi
956 2283 1035 2362 tale,
1059 2281 1232 2346 secundum
1256 2279 1346 2346 cuius

189 2377 286 2442 situm
310 2377 443 2442 directio
465 2381 599 2445 actionis
622 2381 846 2457 constituatur,
870 2397 998 2460 semper
1016 2378 1273 2460 praepositiones
1295 2395 1346 2442 ae-

185 2473 307 2538 cedunt
323 2473 363 2538 ad
379 2479 605 2558 accusativum,
629 2483 665 2542 ut
674 2497 739 2553 per,
757 2484 891 2552 praeter,
913 2480 1004 2548 tnter,
1026 2477 1117 2544 aliae.
1162 2475 1347 2540 Notandum

188 2576 239 2635 est
261 2573 436 2636 accusativi
459 2593 529 2638 curn
553 2578 594 2637 act
614 2581 647 2638 et
667 2579 700 2635 tn
722 2575 1011 2654 praepositionibus
1036 2574 1194 2639 coniuncti
1216 2578 1345 2638 contra·

188 2669 271 2732 rium
295 2686 367 2734 esse
390 2669 574 2751 ablativum,
604 2671 800 2751 reliquarum
823 2679 931 2734 autem
954 2671 1226 2752 praepositionum
1248 2670 1347 2749 pluri-

187 2783 312 2831 marum
329 2769 504 2832 contrarias
518 2769 595 2832 item
612 2767 693 2833 telas
710 2785 790 2845 esse,
813 2784 897 2848 quas
920 2785 990 2832 cum
1013 2769 1195 2834 accusativo
1217 2767 1347 2832 coniun-

188 2869 316 2944 gantur,
341 2869 378 2929 ut
400 2872 468 2928 ante
491 2873 612 2943 etpost,
635 2868 677 2929 ets
699 2872 733 2930 et
755 2873 847 2928 mons.
885 2865 1065 2932 Nonnullae
1088 2865 1345 2946 praepositiones

187 2961 278 3043 ipsae
301 2959 404 3026 forma
435 2969 509 3029 suut
530 2963 719 3044 accusativi,
755 2972 790 3027 ut
812 2966 939 3043 arcun,
973 2965 1132 3026 semotum
1161 2971 1194 3028 et
1225 2979 1345 3043 perse

189 3058 317 3138 quidem
342 3064 505 3138 spectatae
528 3080 591 3126 non
613 3068 688 3128 sunt
714 3061 888 3126 accusativi
915 3060 1116 3138 directionis,
1152 3061 1209 3125 sed
1236 3067 1344 3124 exten·

189 3156 296 3220 sionis.
343 3156 461 3222 Multas
489 3160 569 3224 alias
593 3163 705 3226 notum
733 3164 782 3224 est
808 3177 877 3223 esse
900 3157 1053 3223 adverbia
1080 3157 1182 3222 forma
1204 3156 1345 3233 ablativi,

188 3271 251 3334 quo
275 3251 421 3335 efficitur,
445 3273 554 3321 casum
575 3260 705 3337 proprie
728 3275 790 3321 non
812 3255 952 3336 pendere
974 3275 994 3320 a
1015 3254 1262 3336 praepositione,
1286 3253 1344 3318 sed

188 3353 354 3416 aratione
378 3369 441 3431 qua
463 3354 499 3430 is,
524 3356 579 3434 qui
601 3354 751 3434 loquitur,
776 3353 905 3434 cogitat.

274 3449 367 3514 Alter
389 3451 588 3517 accusativus
612 3456 683 3517 erat
709 3450 957 3530 progressionis,
992 3450 1061 3531 qui,
1095 3458 1132 3514 ut
1158 3451 1221 3514 lam
1249 3465 1347 3529 supra

189 3547 448 3614 demonstratum
472 3555 535 3630 est,
565 3552 699 3630 propter
722 3547 957 3627 simplicitatem
981 3563 1071 3612 suam
1093 3549 1161 3612 sine
1183 3547 1346 3629 praeposi·

187 3643 275 3709 tione
299 3663 370 3710 cum
399 3647 582 3726 praedicato
609 3645 821 3726 coniungitur.
866 3644 904 3708 Iu
934 3645 1038 3726 spatio
1067 3647 1278 3715 extersionem,
1311 3645 1345 3714 in

189 3746 334 3823 tempore
351 3747 578 3820 perpetuitatem
600 3743 759 3824 exprimit,
783 3761 847 3824 qua
867 3744 900 3807 in
922 3761 973 3823 re,
995 3742 1057 3808 nisi
1079 3743 1173 3808 nimis
1195 3751 1345 3808 accurate

188 3857 256 3904 rem
279 3850 423 3921 spectare
446 3842 536 3921 velis,
559 3841 637 3907 nihil
659 3839 769 3921 relert,
795 3844 901 3904 utrum
925 3840 1008 3905 actio
1030 3839 1132 3921 magis
1152 3856 1211 3920 pro
1233 3857 1346 3922 recep·

189 3937 257 4000 tiva
278 3953 320 4001 an
341 3955 400 4018 pro
422 3939 614 4018 productiva
635 3940 821 4018 accipiatur.
859 3937 1034 4018 Receptiva
1056 3941 1105 4000 est
1126 3938 1218 4014 aedo,
1240 3939 1269 4002 si
1291 3937 1347 4002 ob·

187 4033 272 4100 iectu
294 4036 355 4102 loci
377 4035 429 4100 vol
450 4037 604 4116 temporis
626 4041 664 4100 ut
686 4036 761 4101 data
782 4043 816 4101 et
837 4051 920 4115 quae
939 4035 980 4098 ab
1001 4035 1092 4098 initio
1108 4033 1247 4114 luerunt,
1272 4035 1348 4100 sub-

188 4133 272 4196 iecto
302 4151 342 4196 ex
369 4133 505 4198 adverso
536 4139 711 4214 ponuntur,
745 4133 951 4213 productiva,
984 4133 1011 4196 si
1043 4131 1121 4196 nihil
1147 4133 1210 4196 nisi
1234 4131 1348 4197 modus

188 4229 303 4294 harum
325 4231 504 4310 notionum,
527 4232 708 4311 longitudo,
732 4231 931 4311 perpetuitas
953 4233 1105 4310 tanquam
1128 4229 1253 4294 obiecta
1274 4245 1347 4308 spe·
