3070 4758
203 224 268 285 294
639 214 792 256 θῑῐΙΒΤΑΝῖ.
806 213 870 256 ΟΑΡ.
884 215 927 256 tu·

208 383 342 457 osseus
364 383 462 453 studii
485 384 555 452 eius
576 391 746 470 appareat.
771 385 817 456 ut
837 388 949 468 paucis
968 406 1023 454 ros
1042 385 1240 468 absolvetur,
1259 387 1360 469 priori

203 481 326 552 formae
347 483 448 549 dodae
476 487 605 562 effecius,
639 484 810 564 posteriori
833 487 937 552 datico
960 505 1119 562 perosos,
1150 488 1201 550 oui
1227 487 1362 558 emmas

204 589 262 659 est,
294 598 414 648 nomen
437 581 542 648 detur.
579 581 716 648 Detivns
737 581 871 648 effectus
898 587 1006 652 autem
1039 600 1111 650 esse
1140 587 1249 662 potest
1273 583 1361 650 aba

199 684 306 764 ctum,
343 678 430 760 quod
466 683 524 746 sut
543 696 684 760 persona
720 684 772 746 est
802 678 856 744 rei
886 697 1044 762 personae
1065 681 1226 746 uodonem
1248 679 1361 760 induit,

207 779 289 854 (tum
312 775 474 844 obiectum
494 777 527 842 id
550 781 610 856 est,
632 777 665 842 in
687 794 753 859 quo
773 773 908 844 effectus
928 779 1087 860 uppmet),
1110 782 1252 857 autres,
1279 795 1362 858 quae

208 879 278 942 tum
303 873 375 954 ipsa
403 871 537 940 effectus
570 879 629 940 est
675 872 858 940 Clarissima
897 879 1005 940 autem
1038 877 1175 957 apparet
1211 875 1362 954 studium,

208 970 293 1052 quod
315 971 348 1038 in
371 969 515 1036 subiecto
536 971 675 1052 primum
697 969 768 1050 fuit,
795 976 829 1036 et
849 972 891 1038 ab
906 989 945 1038 eo
968 973 1118 1053 prodiens
1140 970 1283 1052 effectus,
1307 973 1362 1053 qui

201 1068 241 1152 ‚in
263 1069 387 1136 obiecto
411 1068 614 1152 conspicitur,
636 1070 670 1134 in
682 1067 800 1134 usuris
814 1085 979 1150 personae,
1002 1068 1058 1151 qui
1073 1076 1251 1150 sequuntur
1266 1070 1364 1136 verba

206 1165 297 1234 velut
317 1185 415 1236 coreo,
429 1170 589 1248 prospicio,
612 1169 741 1238 mumulo,
761 1186 843 1238 oooo,
864 1171 954 1246 nobo,
981 1174 1084 1232 codor
1100 1187 1176 1240 eoru,
1199 1172 1279 1232 mstis
1299 1188 1365 1231 sum

207 1282 245 1330 ac
274 1263 375 1330 multa
401 1263 534 1346 similia,
571 1282 706 1344 quorum
739 1263 893 1330 nonnulla
918 1265 1046 1346 quidem
1074 1266 1171 1332 etiam
1204 1265 1365 1332 obiectum

208 1361 318 1442 dativi,
341 1360 427 1442 quod
447 1380 485 1428 re
507 1379 694 1443 expressum
722 1366 786 1441 est,
823 1361 1013 1442 admittunt,
1049 1362 1137 1444 quod
1163 1368 1272 1428 temen
1301 1381 1366 1428 non

207 1459 301 1526 facile
322 1459 412 1526 nulia
433 1460 557 1526 ratione
579 1458 689 1525 habita
710 1459 850 1526 notionis
870 1477 1027 1543 personae
1049 1466 1107 1526 aut
1127 1461 1292 1543 appositae
1308 1464 1365 1524 ant

209 1562 317 1623 mente
344 1557 509 1623 addendae
537 1555 608 1622 fieri
636 1562 760 1639 potest,
796 1563 834 1624 ut
859 1562 1030 1636 prospicere
1062 1561 1154 1622 roura
1182 1562 1311 1622 otiatus
1333 1564 1367 1622 et

203 1659 372 1734 prospicere
393 1657 439 1718 rei
466 1656 736 1737 frumeutortoe.·⁸)
772 1654 912 1722 Maxime
940 1656 990 1722 his
1017 1662 1153 1737 cognata
1184 1659 1258 1722 sunt
1279 1655 1367 1734 talia,

208 1773 269 1816 uon
300 1755 417 1818 sehoioc
444 1755 495 1818 aed
521 1755 601 1816 vitoe
627 1757 751 1834 discere,
785 1757 856 1818 otiis
888 1757 1005 1832 amoto
1031 1757 1130 1830 fucore
1164 1773 1224 1818 ooo
1250 1755 1308 1818 siti
1335 1757 1368 1817 et

212 1868 330 1932 aragne
354 1867 429 1932 pars
452 1851 551 1916 dativi
573 1851 729 1918 commodi
751 1853 805 1932 qui
828 1853 954 1934 dicitur,
986 1851 1076 1918 cuius
1098 1849 1308 1917 fines1tamen
1330 1868 1367 1916 ec

208 1947 328 2014 limites
343 1951 493 2014 accurate
508 1947 725 2014 circumscribi
746 1967 810 2014 non
831 1955 977 2031 possunt,
995 1950 1144 2029 qnoniam
1167 1950 1368 2016 commodum

210 2045 261 2110 vel
275 2045 507 2111 incommodum
518 2044 597 2110 nihil
606 2044 693 2110 aliud
705 2050 756 2110 est
765 2046 826 2111 nisi
836 2047 959 2128 species
972 2047 1128 2128 generatis
1142 2047 1281 2112 notionis
1294 2044 1367 2110 etie-

211 2143 282 2210 cttis
295 2143 506 2210 atsivsrbnm
515 2146 694 2208 mmodcm
703 2143 798 2223 paulo
811 2144 924 2210 latiore
941 2143 1173 2228 significatione
1183 2150 1367 2224 usurpatur,

212 2242 316 2322 quivis
349 2240 477 2308 dativus
514 2239 648 2308 effectis
686 2259 745 2322 pro
782 2241 890 2308 dativo
924 2243 1081 2310 commodi
1117 2243 1218 2324 accipi
1251 2246 1366 2322 potest,

210 2339 354 2422 inprimis
391 2339 419 2405 is
455 2339 525 2420 ipsc
563 2339 619 2420 qui
654 2339 800 2418 sequitur
835 2339 967 2406 verbum
1003 2343 1084 2404 dore.
1130 2339 1282 2406 Ceterum
1313 2359 1367 2405 no-

211 2439 344 2506 tendum
377 2445 429 2504 est
456 2456 516 2518 per
548 2457 584 2504 se
617 2438 744 2518 quidem
774 2436 908 2518 quodvis
937 2437 1072 2506 verbum
1113 2457 1184 2504 cum
1222 2438 1280 2502 tali
1313 2438 1367 2502 da-

211 2539 277 2602 tivo
313 2554 378 2602 non
413 2535 519 2601 minus
557 2551 653 2615 quam
689 2553 748 2615 ec,
788 2545 871 2616 quae
913 2537 1249 2617 commemoravimus,
1294 2555 1367 2600 con·

156 2635 157 2638 ’
210 2633 300 2716 iungi
327 2649 438 2714 posse,
476 2650 669 2714 quamquam
708 2643 769 2700 usu
802 2633 858 2698 elii
893 2633 965 2699 aliis
1001 2635 1104 2714 magis
1133 2634 1247 2698 sanciti
1283 2641 1365 2698 sunt

214 2730 328 2810 Neque
350 2735 458 2796 tamen
480 2731 530 2796 vis
550 2729 744 2812 negligenda
766 2736 833 2812 est,
871 2749 953 2812 quac
982 2731 1016 2798 in
1039 2731 1097 2796 tali
1119 2732 1219 2796 dativi
1242 2731 1367 2796 obiecto

215 2844 342 2908 semper
363 2827 463 2908 inest,
501 2835 697 2910 quapropter
719 2829 855 2894 maxime
878 2831 990 2908 etiam,
1028 2829 1083 2895 ubi
1113 2827 1251 2896 alterum
1274 2827 1368 2894 alteri

213 2926 394 3008 opponitur,
416 2930 599 3006 usurpatur.
630 2926 720 3003 Quae
742 2927 790 2992 vis
813 2944 876 2992 non
898 2926 1004 3008 exigui
1027 2932 1078 2993 est
1099 2925 1261 3006 momenti,
1284 2923 1369 3006 quod

212 3023 414 3106 potissimum
449 3021 590 3088 studium
618 3023 754 3090 subiecti
790 3024 823 3088 in
851 3025 1057 3104 sepositum
1092 3041 1163 3090 esse
1185 3023 1299 3102 debet,
1333 3029 1370 3086 ut

214 3121 348 3188 effectus
372 3121 406 3186 in
428 3120 488 3186 hac
510 3120 562 3185 vei
583 3120 640 3184 ille
662 3126 751 3187 certo
774 3120 941 3202 designata
962 3139 1100 3202 persona
1121 3139 1226 3202 neque
1247 3120 1280 3184 in
1303 3119 1369 3185 nlla

212 3218 276 3286 alia
311 3223 482 3298 appareat,
519 3217 629 3284 itaut
657 3219 752 3285 huius
788 3219 890 3300 ipsius
927 3219 1107 3300 designatio
1139 3218 1306 3299 potissima
1336 3221 1370 3282 et

212 3315 349 3382 maxime
371 3315 551 3382 necessaria
573 3316 605 3381 in
628 3316 850 3382 enunciatione
871 3313 937 3382 fiat.
960 3316 1061 3382 Porro
1084 3317 1211 3382 dativus
1233 3313 1366 3382 effectos

212 3411 350 3497 proiecti
371 3431 391 3478 e
413 3413 549 3480 subiecti
571 3415 677 3480 studio
699 3414 763 3490 rei,
796 3430 878 3494 quae
900 3414 933 3478 in
955 3415 1063 3482 dcdvo
1084 3415 1190 3496 posita
1212 3419 1278 3494 est,
1313 3430 1369 3494 ap·

214 3516 308 3594 peret
327 3511 360 3576 in
381 3513 527 3578 omnibus
549 3511 759 3592 praedicetis,
796 3529 878 3592 quac
901 3511 980 3578 dnre
1009 3517 1067 3578 ont
1089 3511 1250 3578 contraria
1271 3509 1368 3576 dandi

212 3606 409 3692 significant,
442 3609 552 3688 itaque
585 3610 618 3675 in
639 3610 747 3676 verbis
769 3610 821 3675 vel
843 3610 1034 3690 transitivis,
1069 3609 1160 3676 velut
1180 3613 1232 3690 do,
1264 3611 1369 3678 cibem,

211 3725 294 3789 repo,
316 3709 427 3794 admo,
450 3714 594 3780 macero,
617 3706 668 3774 vel
689 3707 908 3786 intransitiva,
931 3707 1020 3774 velut
1035 3710 1218 3789 muudum
1244 3708 1369 3775 oedem,

261 3895 298 3961 ⁸⁸)
316 3895 359 3948 De
376 3887 482 3958 verbis,
506 3903 577 3958 quae
604 3903 665 3943 cum
683 3886 743 3943 solo
768 3885 860 3941 dativo
879 3883 1095 3954 coniunguntur,
1119 3883 1176 3939 sive
1201 3882 1248 3952 qni
1270 3882 1318 3940 fiat
1338 3888 1368 3938 ut

214 3977 298 4034 verbs
316 3991 377 4031 cum
396 3975 456 4031 colo
476 3971 567 4028 dativo
588 3969 716 4040 coniungi
734 3967 856 4040 possint,
876 3966 938 4022 vide
956 3965 1124 4036 Madvigium
1141 3965 1324 4036 memororum
1341 3982 1369 4038 p.

212 4055 456 4116 sermocinent
478 4063 618 4126 grammat.
643 4071 670 4124 p.
689 4055 741 4108 207
765 4051 834 4106 haec
857 4050 940 4105 rerba
964 4049 1089 4121 designet
1107 4050 1189 4120 talia,
1216 4049 1245 4103 in
1270 4048 1368 4118 quibus

213 4141 286 4196 aetio
305 4140 442 4210 cogitetur
460 4135 650 4194 tantummodo
667 4137 777 4191 ratione
793 4131 891 4190 uteo
909 4133 1027 4188 Mus
1045 4135 1095 4202 ret,
1126 4145 1198 4204 qnae
1215 4145 1260 4186 res
1272 4127 1368 4187 deinde

212 4225 242 4282 io
261 4222 356 4281 dativo
373 4219 467 4292 posite
483 4220 610 4276 addetur.
