3070 4758
198 237 269 305 2η
666 223 824 266 Wlfflin.
838 223 902 266 ΘΔΙ).
928 221 970 267 ΙΙΙ.

197 401 240 483 V,
263 405 294 476 2,
314 402 371 466 Bb:
408 401 540 464 Ecastor
560 401 681 464 cenabis
703 393 802 471 hodie,
823 407 858 462 ut
879 401 985 476 dignas
1008 417 1058 477 es,
1080 415 1217 475 magnum
1239 399 1362 460 malum.

199 497 300 568 Siith.
333 495 361 579 I,
384 501 414 577 2,
438 502 494 562 17:
529 497 794 575 1222222222
821 517 879 574 qno
906 503 996 572 pacto
1019 515 1085 558 uum
1113 497 1174 557 illis
1197 496 1361 570 octuplum,

196 599 235 664 iel
251 599 424 662 ratiocinur.
467 592 558 658 Pers.
581 592 641 674 111,
660 598 691 672 4,
716 596 770 658 67:
795 597 822 656 si
843 613 898 656 nos
921 611 958 655 ex
980 602 1010 657 te
1032 592 1278 671 percontabimur
1298 595 1364 652 Ant

196 698 329 776 potuim
354 700 436 756 tuam
464 698 517 754 aut
542 698 694 767 parentes.
737 689 805 755 Mil.
840 688 883 770 II,
907 694 937 770 2,
958 693 1015 755 67:
1050 691 1130 766 (loge
1160 691 1191 749 in
1214 690 1364 765 opsidium

197 791 374 872 perduellis.
398 787 514 852 Pseud.
535 786 562 867 I,
585 793 614 867 5,
630 791 687 851 81:
709 795 793 850 recto
816 805 871 866 ego
893 806 989 850 meam
1012 805 1075 850 rem
1098 787 1192 864 sapio,
1216 780 1363 862 Callipho.

197 885 260 967 111,
286 887 378 966 2„9:
411 885 449 948 et
474 903 522 948 me
545 886 733 948 arbitrabare
761 888 839 948 istoc
865 892 955 962 poeto
983 893 1016 947 ut
1042 886 1210 963 praedicas.
1255 879 1365 946 Plauti

197 982 311 1066 fragm.
334 999 365 1064 p.
388 984 462 1061 484,
486 997 516 1046 v.
540 986 575 1064 9¹:
596 985 734 1045 Eiurauit
755 985 900 1044 militiam.
923 998 952 1045 v.
977 985 1034 1046 10:
1057 983 1107 1044 Sic
1129 999 1175 1041 me
1198 981 1287 1040 sube's
1310 997 1369 1038 co·-

198 1084 284 1158 tidia,
306 1081 392 1168 quasi
413 1079 489 1142 fiber
511 1081 644 1144 salicem.
690 1075 779 1160 Capt.
813 1077 873 1156 ΙΙΙ,
897 1083 926 1158 2,
949 1083 986 1144 4:
1022 1080 1274 1155 precabaturque
1297 1091 1364 1134 eum

197 1197 271 1242 rasa.
311 1175 414 1242 Mart.
435 1173 496 1254 III,
521 1180 549 1254 l,
574 1179 605 1241 1:
642 1179 757 1240 uicinus
781 1178 860 1252 quod
880 1179 1004 1253 rogavit,
1039 1179 1104 1238 Hoc
1127 1177 1186 1236 emi
1207 1174 1362 1234 mercimo-

198 1277 293 1349 nium.
323 1271 407 1338 Men.
430 1271 474 1352 ΙΙ,
497 1276 528 1351 3,
549 1277 609 1337 49:
633 1292 729 1351 nsque
749 1275 808 1336 huc
828 1277 976 1364 Umquam
997 1305 1041 1318 -
1062 1276 1144 1334 intra
1165 1278 1285 1348 portam
1307 1289 1362 1346 pe-

198 1373 318 1436 netrari
338 1371 454 1448 pedem
485 1367 645 1452 (Kampm.
667 1371 708 1436 de
730 1373 782 1434 AB
804 1387 835 1450 p.
860 1373 911 1450 24,
933 1370 1040 1435 adnot.
1068 1374 1105 1450 Ἰ3ε
1127 1372 1260 1446 mturare
1281 1387 1363 1432 nun·

200 1485 297 1550 quam
328 1466 548 1544 transitivum,
584 1472 744 1543 percanora
778 1465 990 1548 plerumque.)
1033 1466 1131 1532 Poen.
1177 1465 1217 1547 V,
1244 1471 1275 1546 4,
1304 1469 1368 1530 93:

198 1567 366 1632 Multorum
387 1583 531 1630 annorum
562 1568 700 1632 miserias
728 1585 807 1628 nunc
834 1569 890 1627 hae
911 1571 1066 1642 uoluptate
1089 1569 1170 1628 sedo.
1216 1562 1309 1628 Gurc.
1335 1560 1361 1640 Ι,

201 1665 232 1742 1,
252 1665 312 1728 592
333 1665 428 1725 Immo
442 1670 476 1724 ut
490 1665 573 1725 illam
596 1663 724 1724 causas?
746 1658 839 1725 Cure.
862 1661 905 1741 ΙΙ,
928 1667 957 1741 3,
981 1666 1037 1727 38:
1060 1667 1142 1724 Deos
1164 1664 1362 1739 sperabimus.

198 1759 297 1826 Deos.
310 1775 443 1840 sperare
465 1780 508 1810 =
529 1757 591 1824 dds
612 1755 781 1823 confidere.
825 1757 919 1822 Truc.
948 1758 975 1837 Ι,
998 1763 1028 1839 2,
1052 1765 1107 1824 58:
1154 1762 1213 1834 Qui
1235 1763 1365 1820 alterum

199 1861 320 1932 iouusat
340 1857 461 1934 probri,
498 1873 530 1916 so
554 1873 676 1930 eumpse
700 1854 758 1929 (sic
780 1854 891 1934 Both,
927 1855 1014 1936 vulg.
1038 1875 1105 1918 enm
1127 1861 1225 1933 ipsum
1248 1854 1294 1931 se)
1318 1858 1367 1915 in·

201 1955 282 2016 tueri
303 1949 432 2032 oportet.
476 1949 574 2016 Poen.
617 1950 678 2030 HI,
705 1956 736 2030 4,
765 1956 820 2016 27;
863 1956 960 2014 Homo
987 1953 1061 2017 furti
1090 1973 1157 2017 sese
1187 1956 1364 2028 adstringet.

199 2047 315 2130 Amph.
330 2047 373 2129 Π,
390 2053 420 2118 2,
437 2050 513 2114 189:
536 2050 581 2110 Tu
603 2051 630 2110 si
643 2067 690 2110 me
712 2051 903 2125 inpudicitiai
925 2057 1039 2127 captas,
1063 2071 1172 2128 capere
1195 2069 1253 2114 non
1269 2058 1366 2127 potes.

197 2143 316 2212 Bacch.
358 2143 414 2224 IV,
436 2147 468 2223 4,
490 2148 550 2222 45:
593 2148 687 2218 Quem
713 2148 851 2208 mendaci
876 2149 1019 2223 praemiii
1048 2151 1248 2212 manufestum
1268 2148 1365 2208 modo.

199 2240 268 2310 Mbl.
293 2239 389 2322 II,4,
416 2244 470 2306 18:
515 2260 602 2318 quem
623 2246 675 2318 pol
698 2261 753 2320 ego
777 2246 885 2320 capitis
907 2247 1053 2320 perdam?
1097 2245 1182 2311 Trin.
1215 2245 1253 2321 V,
1276 2249 1306 2323 2,
1329 2247 1365 2307 2:

202 2342 317 2416 Quoius
338 2340 413 2402 tides
442 2340 631 2416 fidelitasque
658 2343 785 2402 amicum
811 2359 884 2418 erga
910 2343 1082 2416 aequiperat
1109 2349 1200 2406 tucos.
1243 2339 1310 2405 Mil.
1338 2339 1365 2415 Ι,

204 2441 235 2516 l,
258 2441 319 2500 12:
341 2439 538 2514 aequiperare
562 2454 633 2498 suas
655 2439 774 2500 virtutis
797 2440 835 2500 ad
858 2444 934 2500 tuas.
978 2435 1047 2502 Mil.
1070 2438 1113 2516 ΙΙ,
1137 2445 1166 2515 2,
1190 2443 1245 2503 68;
1268 2443 1369 2500 Inter-

202 2535 292 2598 cludo
314 2541 502 2596 conmeatum
523 2536 660 2596 inimicis.
693 2532 778 2598 mul.
802 2532 828 2615 1,
851 2538 881 2613 2,
904 2539 960 2600 3οε
984 2538 1126 2600 Dividere
1150 2538 1268 2613 argenti
1291 2537 1367 2600 dixit

199 2648 306 2710 numos
328 2632 359 2694 in
381 2633 470 2695 uiros.
508 2628 592 2694 Trin.
616 2629 677 2702 ΙΙΙ,
700 2635 730 2710 2,
754 2637 812 2696 93:
836 2635 1035 2709 clupenmad
1057 2633 1177 2696 dorsum
1200 2635 1366 2696 adcommo-

201 2725 278 2791 dem.
322 2725 417 2808 Epid.
439 2725 483 2805 Π,
506 2731 535 2807 2,
558 2733 616 2792 41;
639 2731 712 2792 Utin
734 2731 897 2805 inpluvium
918 2731 1024 2792 induta
1047 2729 1159 2794 fuerit?
1189 2729 1303 2799 Pseud.
1325 2726 1365 2806 V,

204 2827 233 2902 1,
254 2824 312 2906 '303
330 2825 408 2902 [illi]
427 2826 618 2888 inclamitant
638 2843 686 2888 me
709 2833 743 2886 ut
764 2832 909 2888 revortar.
954 2825 1022 2890 Mil.
1044 2825 1088 2905 11,
1110 2833 1141 2906 4,
1163 2831 1195 2892 3:
1233 2829 1366 2890 edocebo

199 2922 334 2984 Minume
355 2925 451 2984 malas
473 2928 508 2982 ut
529 2924 590 2984 sint
611 2926 719 2986 malae.
764 2919 863 2987 Stich.
908 2920 1087 3003 11,1‚so:
1133 2926 1213 3000 Quas
1236 2930 1269 2984 tu
1293 2925 1366 2984 edes

201 3019 351 3096 colubras.
396 3017 492 3082 Trin.
506 3016 562 3099 IV,
586 3023 616 3099 2,
642 3023 717 3084 145:
756 3021 832 3092 Quia
852 3021 937 3081 illum
960 3039 1048 3097 quem
1069 3019 1241 3092 ementitu's¹
1262 3023 1288 3082 is
1310 3037 1367 3094 epo

200 3132 266 3180 euru
288 3117 373 3192 ipsus
396 3117 580 3184 Charmides.
626 3113 717 3180 Cure.
734 3113 795 3194 III,
822 3121 849 3194 l,
872 3119 928 3179 49:
951 3119 1005 3178 Set
1025 3119 1116 3180 istum
1139 3135 1225 3194 quem
1246 3119 1366 3194 quaeris

199 3228 255 3287 epo
280 3231 355 3276 sum.
399 3210 493 3293 Oapt.
515 3211 541 3292 1,
565 3218 634 3284 2,.1
654 3229 740 3293 squ:
763 3215 838 3276 istos
861 3216 996 3290 captivos
1019 3203 1094 3278 duos
1114 3217 1190 3278 Heri
1210 3233 1284 3290 quos
1307 3215 1366 3274 emi

199 3308 237 3370 de
253 3309 374 3386 praeda
406 3328 425 3373 a
447 3314 670 3387 quaestoribus,
699 3313 755 3372 His
780 3313 878 3373 indito
901 3318 1026 3374 catenas
1046 3314 1234 3397 cmpularias.
1279 3308 1366 3374 Trin.

197 3402 254 3485 IV,
278 3409 308 3482 2,
332 3409 390 3472 27:
427 3411 540 3471 Hercle
570 3411 676 3486 opinor
699 3411 746 3468 mi
768 3410 940 3472 advenienti
966 3411 1024 3472 hac
1051 3417 1142 3470 noctu
1164 3409 1368 3486 agitandumst

198 3505 326 3582 vigilim.
365 3501 469 3570 «Poen.
503 3503 530 3583 I,
553 3507 585 3584 2,
608 3509 668 3570 132
692 3508 757 3568 Eae
778 3523 833 3568 uos
854 3507 991 3585 lavando,
1015 3509 1145 3576 eluendo
1166 3523 1289 3583 operum
1311 3505 1365 3566 de·

198 3599 315 3662 derunt.
355 3599 428 3665 Mil.
449 3600 493 3680 II,
511 3606 541 3682 3,
565 3605 623 3665 tt:
646 3605 723 3666 Nam
742 3621 798 3682 ego
821 3605 941 3680 quidem
963 3621 1047 3666 meos
1070 3606 1175 3666 oculos
1195 3605 1292 3671 habeo
1307 3619 1367 3662 nec

197 3713 273 3772 rogo
293 3699 421 3760 utendos
443 3697 526 3761 foris.
570 3697 668 3764 Poen.
695 3698 734 3778 V,
758 3703 787 3778 2,
813 3699 889 3764 128:
923 3702 1066 3764 Profecto
1086 3703 1191 3778 uteris,
1213 3707 1247 3762 ut
1270 3703 1365 3776 uoles,

177 3792 322 3876 'omrem
342 3812 448 3859 meam.
492 3794 583 3862 Pers.
610 3796 637 3875 I,
660 3801 690 3876 3,
713 3799 769 3860 38:
812 3799 912 3861 Daras
934 3801 1064 3863 utendos
1084 3805 1210 3862 mutuos.
1255 3813 1283 3860 v.
1306 3801 1363 3860 47:

87 3967 89 3974 Ι
198 3891 292 3954 filiam
314 3895 455 3976 utendam
478 3899 559 3966 tuam
579 3895 656 3954 Mihi
677 3895 726 3955 da.
753 3909 783 3957 v.
806 3897 865 3958 48:
886 3899 1054 3973 Numquam
1076 3898 1184 3973 edepol
1203 3896 1364 3972 quoiquam

198 3990 290 4052 etiam
312 3991 453 4052 utendam
475 3990 552 4053 dedi.
599 3987 671 4054 Aul.
705 3987 867 4070 1,2,18:
911 3995 995 4072 Quae
1014 3995 1127 4060 cauda
1146 3985 1222 4054 cusu
1244 4008 1364 4066 semper

197 4087 292 4184 vicini
314 4093 432 4164 rogant.
475 4085 567 4152 curo.
603 4085 642 4168 V,
658 4091 698 4168 2,
717 4091 758 4152 5:
803 4093 905 4178 Mater
925 4093 971 4154 illi
992 4091 1141 4155 2222222
1163 4091 1299 4167 dederat,
1323 4085 1378 4184 cf&

197 4179 265 4250 cu.
280 4181 317 4248 iu
337 4181 427 4250 tam
450 4181 493 4264 Π,
515 4183 558 4266 ΙΙ,
584 4187 633 4250 18.
679 4184 766 4251 Trin.
787 4181 959 4267 1V,'1,a:
982 4189 1060 4254 Nam
1081 4191 1132 4268 pot
1155 4181 1307 4266 placidum
1330 4193 1362 4248 te
