3058 4766
478 261 565 302 CASUS
580 263 845 304 substantivorum.
859 286 884 294 -
898 265 1001 304 ABLAT.
1255 277 1315 332 117

162 431 216 490 boe
237 432 427 496 meticulosos
449 455 546 510 aeque.
571 435 664 501 Most.
688 436 712 515 l,
738 445 764 516 l,
787 441 842 501 30:
866 441 930 516 Quo
952 457 1039 500 nemo
1062 441 1192 512 adaeque
1214 440 1315 499 iuven-

160 535 223 589 tute
252 546 289 588 ex
316 534 395 591 omni
423 537 525 595 Attica
553 536 689 596 Antehac
709 545 756 596 est
778 539 896 597 habitus
914 553 1028 610 parces
1050 555 1106 596 nec
1128 539 1224 611 mepis
1246 555 1313 596 com-

159 625 262 688 tmms.
287 625 432 710 Denique
448 629 510 695 huc
525 632 666 710 pertinet
681 633 777 696 etiam
793 631 952 696 ablativus
976 651 1047 697 cum
1064 632 1161 696 verbo
1180 634 1317 694 metamur·

158 720 299 803 iunctm,
335 744 363 789 v.
387 725 581 808 Iacobsium‚
619 730 768 809 quoniam
800 729 989 810 metaphora
1020 729 1106 794 inest
1133 746 1152 793 a
1186 729 1315 793 notione

158 817 221 884 loci
243 820 353 899 petita.
399 823 504 889 Plaut.
529 824 620 906 Capt.
648 831 726 906 prol.
755 846 783 891 v.
808 831 861 890 28:
901 831 1019 904 Siquam
1046 831 1182 904 reperire
1210 831 1315 905 possit,

157 919 210 993 qme'
232 923 324 980 mutet
345 925 482 998 suum'⁸l.
506 923 532 1002 I,
559 929 585 1002 l,
610 929 666 990 33:
706 929 731 986 si
758 932 848 1001 queat
874 927 1012 1001 Aliquem
1040 927 1188 998 iuvenire,
1231 943 1314 985 suum

157 1017 255 1092 qm'20)
277 1024 368 1079 mutet
388 1021 490 1082 lilium.
516 1026 544 1100 2,
568 1025 623 1084 68:
646 1025 712 1083 Hoc
734 1025 817 1084 illum
841 1041 887 1083 me
908 1028 1023 1084 mertare
1044 1025 1160 1084 confido
1182 1023 1257 1084 fore.

247 1119 295 1178 31.
319 1113 347 1179 b.
385 1117 545 1180 Attalicas
567 1121 665 1184 medii.
710 1120 771 1183 Hic
794 1118 953 1183 ablativus
976 1119 1073 1199 vulgo
1096 1119 1213 1183 dicitur
1235 1137 1314 1178 mm-

157 1229 256 1290 smrae,
280 1211 393 1277 melius
410 1213 570 1281 ablativus
592 1220 791 1296 differmtr'ee,
816 1214 964 1295 quoniam
987 1213 1146 1296 significat
1168 1213 1315 1279 differen-

157 1307 235 1372 tiam
259 1326 340 1388 quae
369 1315 419 1374 est
443 1312 529 1376 inter
551 1313 631 1378 duas
662 1332 713 1378 res
737 1316 945 1394 comparatas
990 1314 1104 1393 Itaque
1128 1317 1313 1392 usurpatur,

159 1405 341 1485 ubieunque
364 1405 544 1473 differentia
567 1411 781 1490 quarumlibet
808 1411 1024 1490 quantitatum
1047 1410 1220 1485 indicatur,
1249 1407 1314 1486 pri-

159 1520 247 1566 mum
270 1504 369 1584 igitur
390 1511 464 1586 post
487 1508 733 1588 comparativae,
762 1507 820 1572 sed
849 1508 945 1571 etiam
968 1513 1052 1585 tum,
1082 1525 1151 1571 curn
1183 1505 1314 1568 deloco

157 1604 190 1663 et
213 1605 356 1681 tempore
379 1603 493 1684 agitur.
539 1603 591 1669 Sic
614 1607 708 1668 mem
738 1608 826 1666 ercis
848 1612 918 1680 post
942 1605 1005 1670 huc
1036 1603 1189 1685 pertinet,
1218 1617 1315 1680 quum

158 1701 247 1759 tertio
284 1718 362 1759 emmo
386 1708 457 1775 post
484 1719 591 1765 merus
622 1701 779 1766 ablativus
809 1703 962 1782 temporis
993 1703 1048 1780 sit,
1091 1716 1184 1779 quem
1218 1713 1316 1777 supra

158 1795 377 1861 tractavimus.
422 1799 545 1863 Deinde
567 1799 629 1863 huc
657 1799 820 1878 pertinent
849 1799 979 1864 ablativi
1008 1803 1179 1877 sequentes
1205 1795 1314 1873 verba,

157 1909 240 1972 quae
264 1894 451 1960 vocabulum
480 1893 680 1961 differentiae
708 1901 745 1960 ut
774 1897 911 1960 addatur
932 1895 1113 1975 postulant,
1146 1892 1315 1972 inquibus

159 1992 371 2070 comparativi
392 1991 479 2056 notio
503 1993 596 2072 inest,
620 1993 734 2057 deinde
757 1992 914 2057 ablativus
938 1993 992 2072 qui
1015 1991 1133 2055 dicitur
1155 1995 1255 2066 ceptae
1276 1992 1309 2053 et

155 2089 291 2169 ineptae,
316 2090 453 2170 denique
477 2089 556 2154 adeo
580 2091 739 2154 ablativus
755 2093 849 2165 prem
872 2107 910 2152 ex
932 2093 1033 2169 parte.
1071 2087 1214 2151 Pretium
1232 2087 1316 2149 enim

158 2185 252 2264 quasi
274 2185 455 2252 differentia
477 2188 617 2266 spectari
636 2191 754 2268 potest,
777 2193 814 2250 ut
829 2205 886 2251 uos
902 2205 1027 2267 quoque
1044 2185 1190 2250 dicimus:
1215 2183 1315 2246 ettocd

157 2298 217 2344 um
242 2282 272 2363 lo
296 2282 355 2348 olet
377 2283 494 2366 taetra.
520 2284 612 2361 Quod
627 2285 653 2349 si
668 2285 807 2364 pretium
828 2283 859 2346 id
883 2287 1057 2363 spectatur,
1081 2299 1143 2362 qno
1163 2279 1310 2357 eflicitur,

158 2384 277 2444 utres
304 2381 336 2445 in
363 2383 597 2462 possessionem
627 2383 760 2446 alterius
788 2385 946 2456 transeat,
985 2398 1047 2443 non
1080 2378 1221 2459 pertinet
1252 2377 1315 2441 huc

159 2475 319 2542 ablativus
341 2480 446 2560 pretii,
470 2480 526 2544 sed
547 2479 654 2560 potius
677 2479 716 2544 ad
740 2479 912 2544 ablativum
935 2477 1148 2542 instrumenti.
1171 2475 1315 2540 Pretium

160 2573 188 2637 si
218 2575 365 2640 venditor
393 2577 536 2657 loquitur
564 2584 596 2642 et
623 2583 697 2642 ante
727 2575 938 2640 venditionem
974 2575 1114 2638 ablativo
1145 2589 1315 2637 mensurae

161 2671 367 2753 exprimitur,
394 2676 534 2754 pretium
558 2679 663 2739 autem
687 2674 750 2738 iam
774 2674 909 2738 solutum
937 2671 1076 2735 ablativo
1103 2668 1315 2733 instrumenti.

160 2766 213 2832 Sic
233 2772 331 2844 pretio
365 2775 463 2833 demde
496 2773 546 2838 vel
576 2775 675 2848 pretio
706 2773 774 2833 dato
805 2771 924 2846 aliquid
958 2787 1051 2829 emere
1081 2771 1131 2830 est
1157 2763 1315 2828 ablativus

159 2865 377 2947 instrumenti3
399 2875 499 2945 pretio
521 2869 708 2950 simpliciter
729 2869 868 2948 positum
892 2865 952 2932 abl.
975 2881 1159 2940 mensurae3
1182 2861 1313 2924 mercede

154 2963 323 3037 pollicendo
350 2970 478 3042 aliquem
505 2969 663 3029 eomdmcere
690 2965 752 3030 abl.
776 2965 996 3042 instrumenti,
1034 2962 1164 3024 mercede
1187 2961 1316 3032 ateqmm

161 3061 320 3122 cortdmcere
342 3064 403 3128 abl.
426 3082 595 3128 mensurae
618 3067 677 3128 est.

254 3176 281 3221 a.
305 3158 449 3223 Primum
469 3161 569 3240 igitur
587 3159 746 3225 ablativus
766 3156 965 3223 differentiae
985 3156 1116 3237 ponitur
1131 3154 1317 3218 coniunctus

164 3271 236 3317 cum
251 3254 416 3321 adiectivis
429 3261 462 3321 et
473 3256 641 3334 adverbiis
656 3256 792 3321 maxime
805 3256 1037 3335 comparativis.
1062 3253 1129 3317 Liv.
1146 3249 1315 3316 Andronic.

163 3349 243 3414 Aiax
265 3352 524 3435 Mastigophorus
549 3353 587 3418 fr.
605 3359 638 3418 2:
662 3359 755 3416 multo
778 3359 870 3418 ocius.
905 3354 1003 3417 Naev.
1021 3349 1201 3431 Agitatoria
1222 3346 1258 3411 ir.
1283 3350 1316 3410 3:

163 3464 218 3524 ego
241 3467 359 3526 semper
376 3453 478 3526 pteris
500 3453 560 3514 ieci
581 3454 784 3528 Potioremque
808 3455 898 3513 habui
921 3454 1089 3512 libertatem
1111 3449 1202 3509 merito
1230 3461 1316 3521 quam

163 3549 328 3618 pecuniam.
374 3548 453 3612 (lato
469 3548 505 3613 R.
523 3549 559 3614 R.
584 3567 609 3614 e.
628 3555 660 3613 5:
683 3568 740 3623 quo
763 3551 900 3610 libentius
921 3551 1010 3609 boves
1034 3554 1148 3607 curent.
1193 3541 1226 3605 Ο.
1242 3545 1317 3604 112:

166 3643 416 3714 commortalibus
440 3649 473 3709 V.
496 3649 596 3710 mimus
618 3651 657 3708 sit
678 3665 763 3723 quam
785 3649 906 3722 plenum
929 3645 993 3720 (um
1016 3635 1317 3717 bQuobrttttlet).

162 3736 256 3803 Ennii
277 3742 380 3806 annal.
403 3743 461 3807 ine.
486 3743 571 3808 sedis
592 3742 705 3822 fragm.
728 3747 784 3807 42:
808 3743 989 3818 praeoptas
1010 3747 1062 3802 aut
1082 3740 1188 3799 mimas.
1223 3734 1319 3798 Alex·

164 3834 255 3899 andri
282 3835 320 3902 fr.
344 3843 374 3919 8,
401 3858 432 3904 v.
460 3846 518 3905 78:
550 3843 743 3916 Optumarum
772 3843 863 3901 multo
891 3842 996 3900 mulier
1023 3839 1126 3899 melior
1150 3838 1316 3896 mulierum.

164 3982 367 3995 ———.

234 4060 268 4127 ²⁸)
287 4065 422 4119 Fleckeis.
433 4080 487 4120 see.
501 4063 626 4120 Reizium
633 4067 725 4132 possit
741 4082 792 4135 pro
812 4066 883 4134 vulg.
898 4069 999 4132 posset.
1020 4063 1077 4134 Qui
1088 4061 1179 4129 Both,
1194 4059 1317 4114 Lindem.

163 4158 217 4198 sec.
237 4145 296 4199 cod.
315 4145 373 4201 Pal.
393 4141 447 4201 dee.
466 4153 540 4201 teste
559 4145 654 4201 Pareo.
674 4151 739 4217 Apg
759 4151 801 4216 Og
819 4153 847 4202 et
865 4146 937 4216 vulg.
957 4161 1018 4200 cerm
1036 4161 1098 4214 quo,
1117 4142 1246 4216 ἀμέτρως.

234 4243 268 4311 ¹⁰)
289 4243 333 4298 Sic
351 4245 432 4302 Both.
452 4253 480 4300 et
498 4245 622 4300 Lindem.
642 4246 721 4314 Vulg.
740 4260 793 4300 sec.
814 4249 886 4314 Aeg
904 4245 1023 4314 quicum,
1043 4241 1173 4318 ἀμέτρως.
