3040 4758
463 247 551 288 CASUS
566 247 834 292 SUBSTANTIVORUM.
848 270 874 282 -
889 250 993 292 ABLA'P.
1274 261 1314 320 65

149 416 350 484 dictionibus
362 418 494 500 ponitur
503 420 573 486 loco
589 421 784 502 pronominis
801 440 873 489 cum
889 421 1130 506 praepositione
1145 423 1314 490 coniuncti.

149 512 234 580 (lato
257 513 296 579 u
313 515 351 580 R.
367 534 392 580 c.
404 515 486 582 iit:
510 520 580 582 binc
603 522 707 600 bibito,
729 518 768 586 cl.
787 517 1004 602 Hartungium
1018 521 1059 587 de
1076 519 1202 586 casibus
1218 539 1249 602 p.
1265 526 1313 588 13.

240 611 272 678 k.
308 611 446 680 Veteres
469 615 579 681 comici
602 619 672 679 binc
694 617 930 697 componebant
952 618 1049 684 etiam
1075 637 1147 686 cum
1169 635 1316 684 numera-

152 707 239 776 libus
271 710 462 781 nominibus,
507 711 625 781 Omnes
652 731 729 780 vero
756 718 872 796 postue
901 717 970 780 atas
1003 715 1167 794 dixerunt,
1201 715 1257 780 ubi
1283 715 1317 779 id

153 811 228 872 erat
251 807 500 890 designandum,
530 827 635 892 aquo
657 809 744 876 ahud
768 810 845 891 quid
874 809 947 878 fieri
968 811 1144 894 inceperat.
1188 812 1317 876 servius

153 905 198 970 ed
220 903 334 986 Virgil.
358 907 435 974 Aen.
460 906 490 986 l,
524 912 598 973 194:
623 912 692 972 binc
721 929 777 988 pro
799 912 870 974 inde
899 914 947 973 vel
972 918 1051 988 poet.
1095 908 1189 974 Ennii
1213 907 1317 974 annal.

156 1001 178 1067 l.
201 1002 227 1082 Ι,
251 1001 290 1068 fr.
309 1008 358 1082 53,
383 1021 412 1067 v.
430 1010 478 1070 74.
502 1004 521 1068 l.
544 1005 584 1087 ll,
606 1004 645 1070 lr.
663 1009 691 1070 6.
736 1006 910 1074 Euhemeri
929 1004 967 1072 Ir.
987 1011 1037 1088 11,
1060 1010 1111 1086 58,
1135 1005 1190 1098 ulp
1212 1009 1319 1070 tamen

155 1100 257 1166 otiam
279 1117 339 1180 pro
360 1112 524 1179 propterea
551 1103 692 1184 positum
714 1122 786 1170 esse
807 1109 923 1186 potest.
969 1101 1074 1168 Plaut
1097 1102 1212 1168 Pseud.
1235 1102 1261 1182 l,
1289 1108 1321 1182 3,

164 1205 238 1264 145:
262 1207 296 1262 ut
318 1209 351 1260 tu
373 1202 442 1262 blac
463 1220 555 1277 porro
578 1202 650 1278 quid
673 1220 743 1278 ages
767 1207 916 1266 consulas.
960 1200 1049 1266 Pers.
1072 1199 1115 1277 ll,
1137 1204 1167 1278 4,
1193 1203 1243 1264 25.

244 1298 339 1359 illinc
361 1296 429 1362 sive
451 1298 537 1360 itum.
581 1296 677 1363 Ennii
690 1297 877 1378 Iphigeniae
899 1298 936 1364 fr.
954 1305 984 1369 4,
1006 1318 1035 1362 v.
1060 1301 1135 1362 258:
1159 1317 1224 1360 cum
1247 1300 1319 1360 illue

158 1403 280 1458 ventum
304 1403 359 1470 cst,
383 1399 427 1456 ire
449 1397 534 1457 illiue
556 1399 647 1458 lubet.
694 1394 798 1460 Plaut.
822 1397 916 1462 Truc.
933 1395 990 1475 IV,
1014 1401 1043 1476 3,
1068 1400 1122 1460 te:
1145 1395 1238 1470 Ne¹⁴l
1261 1397 1321 1456 ista

159 1495 313 1554 stimulum
336 1495 454 1570 longum
477 1496 583 1568 habet,
613 1510 689 1569 quae
711 1512 803 1570 nsque
826 1496 910 1556 Illinc
932 1513 985 1557 cor
1007 1496 1114 1570 pungit
1136 1495 1247 1555 meum!
1281 1523 1319 1534 -

157 1591 245 1652 Itlc‘m
267 1589 386 1670 legitur
405 1588 502 1656 Poen.
515 1588 554 1669 V,
579 1593 607 1669 2,
631 1593 688 1667 27;
711 1588 825 1656 Bacch.
847 1589 890 1669 Il,
914 1596 944 1669 3,
968 1594 1018 1654 67.
1041 1594 1099 1667 863
1123 1587 1208 1654 Men.
1229 1585 1268 1666 V,
1292 1591 1322 1666 2,

159 1691 216 1768 483
240 1685 335 1752 Most.
354 1705 381 1752 v.
397 1691 475 1763 4673
497 1689 582 1750 tllloc
597 1685 712 1752 Bacch.
724 1686 785 1763 III,
803 1692 832 1766 3,
847 1691 906 1766 43,
929 1687 1013 1752 Men.
1030 1686 1074 1768 ΙΙ,
1091 1692 1119 1766 3,
1144 1687 1200 1764 61;
1224 1683 1321 1750 Mero.

103 1859 108 1863 ⁴
161 1784 222 1864 111,
245 1789 275 1862 4,
299 1789 354 1864 663
378 1784 416 1864 v,
440 1789 469 1865 2,
494 1789 543 1850 uo.
1120 1866 1122 1871 ¹

247 1885 352 1948 Istinc.
396 1882 500 1948 Plaut.
518 1881 609 1963 Caph.
631 1902 660 1948 v.
683 1886 760 1948 658:
784 1885 829 1946 Ite
852 1884 948 1952 attae,
971 1883 1085 1946 ecferte
1108 1887 1181 1946 lora.
1227 1878 1321 1944 Most.

162 1977 224 2062 111,
248 1983 278 2060 2,
305 1984 379 2046 164:
414 1984 464 2044 abi
485 1983 580 2044 1414144.
624 1980 741 2046 Pseud.
762 1979 818 2060 IV,
842 1983 870 2057 7,
895 1983 952 2046 99:
986 1983 1052 2042 Nou
1076 1990 1108 2042 tu
1129 1981 1217 2042 a'stc‘ac
1239 1977 1322 2039 abis?

160 2076 278 2144 Pseud.
302 2077 328 2158 I,
354 2083 381 2158 1,
406 2083 459 2144 31:
483 2088 516 2140 tu
538 2081 626 2142 istinc
648 2098 685 2140 ex
708 2097 779 2142 ocra
802 2081 870 2140 cita.
914 2076 996 2142 Rud.
1018 2076 1074 2157 IV,
1097 2083 1128 2156 4,
1152 2080 1205 2140 33:
1229 2077 1322 2150 Equi-

161 2177 230 2238 dem
254 2195 310 2253 cgo
331 2195 428 2254 neque
451 2185 568 2253 partem
591 2193 684 2254 posco
707 2179 781 2237 mihi
801 2177 889 2236 istinc
912 2177 947 2236 dc
971 2178 1048 2238 istoc
1077 2177 1191 2248 vidulo,
1226 2169 1324 2250 signi-

162 2269 312 2338 ficatione
335 2272 497 2353 partitiva,
519 2273 597 2338 item
619 2272 736 2338 Pseud.
761 2291 790 2336 v.
817 2275 907 2336 1164.

252 2373 416 2446 Utriusque.
453 2371 547 2436 Ennii
570 2371 673 2436 annal.
694 2371 715 2436 l.
732 2369 816 2448 XIV,
839 2368 877 2433 fr.
895 2375 922 2432 7.
945 2367 966 2432 l.
983 2365 1087 2447 XVII,
1110 2365 1148 2430 fr.
1166 2373 1195 2430 4.
1218 2364 1320 2430 Plaut.

163 2465 282 2548 Amph.
299 2467 379 2548 prol.
396 2486 423 2532 u.
444 2473 517 2533 lll:
544 2473 728 2546 Utrimqaest
742 2469 874 2547 gravida,
898 2475 928 2529 et
951 2485 988 2528 ex
1010 2469 1075 2528 viro
1099 2473 1130 2526 et
1152 2484 1189 2526 ex
1211 2483 1323 2526 summo

165 2567 246 2628 Iove.
292 2565 318 2644 I,
344 2570 370 2645 1,
394 2571 449 2629 77:
474 2571 633 2630 clamorem
656 2569 804 2642 abtmqac
825 2565 971 2628 ecferunt.

256 2668 305 2729 13.
350 2663 380 2728 b.
410 2662 572 2726 Abtotious
600 2665 699 2724 medii.
738 2663 810 2726 Huc
831 2661 973 2743 pertinet
995 2659 1153 2724 ablativus
1175 2662 1326 2723 rectusn

165 2762 223 2836 fiat
245 2757 477 2844 significatione
505 2781 615 2843 praep.
640 2769 723 2824 temus
749 2758 853 2839 posito
881 2756 967 2836 opud
991 2755 1144 2820 Catonem
1169 2755 1205 2820 R.
1230 2754 1267 2819 R.
1297 2773 1323 2818 c.

167 2863 221 2939 28,
245 2863 278 2923 2;
313 2870 419 2938 postca
442 2865 558 2938 operito
581 2871 664 2922 terra
686 2859 838 2920 radicibus
859 2857 919 2918 fini.
967 2853 1046 2918 Eun.
1075 2850 1178 2918 uunal.
1207 2851 1325 2932 XVIII,

166 2954 206 3022 fr.
231 2963 265 3021 7:
290 2963 387 3034 spatio
413 2991 450 3002 -
476 2977 624 3034 supremo.
668 2955 772 3020 Plaut.
789 2951 903 3019 Bacch.
925 2950 952 3030 I,
974 2954 1004 3028 2,
1028 2955 1063 3015 5:
1089 2953 1153 3026 Quo
1176 2969 1254 3012 nunc
1277 2969 1325 3010 ca-

168 3059 267 3132 pessis
295 3059 347 3118 444
375 3059 443 3118 bino
475 3058 603 3118 aduorso
630 3058 680 3116 otu
703 3057 775 3117 Cum
796 3060 880 3114 tanta
902 3048 1030 3127 pompe?
1048 3046 1174 3112 Pseud.
1186 3065 1215 3112 u.
1231 3050 1326 3112 1234:

169 3172 250 3216 nunc
272 3173 310 3215 ne
334 3156 511 3230 expectetis,
535 3156 604 3216 dum
626 3156 683 3214 boc
705 3154 822 3214 domum
844 3151 965 3210 redeam
987 3147 1045 3208 olo.
1091 3141 1187 3208 Stich.
1203 3160 1232 3208 v.
1248 3147 1326 3208 484:

169 3253 277 3312 adiero
291 3249 450 3326 Apertum
470 3254 564 3328 magis
586 3255 644 3314 uto.
676 3249 790 3314 Pseud.
807 3246 862 3325 IV,
878 3252 909 3326 4,
935 3247 987 3308 13:
1011 3246 1056 3304 144
1079 3244 1145 3318 hec,
1169 3243 1328 3318 triumphe,

170 3350 209 3409 ad
233 3351 410 3411 cantharum
432 3356 514 3412 rectu
540 3352 599 3412 oia.
643 3346 736 3428 Epid.
760 3345 806 3425 II,
830 3349 866 3422 2,
897 3346 938 3406 24
969 3337 1021 3416 (tf.
1045 3338 1190 3419 Kampm.
1215 3338 1255 3402 de
1276 3341 1329 3414 IN,

170 3447 292 3524 p.11):
315 3450 359 3508 ire
383 3449 444 3509 vidi
465 3449 576 3508 milites
595 3447 692 3522 plebis
713 3447 779 3506 ulls.
823 3439 920 3506 Mero.
944 3437 970 3518 I,
996 3440 1025 3516 2,
1048 3441 1083 3500 4;
1101 3437 1200 3512 plenis
1221 3438 1331 3498 semitis

170 3548 224 3620 qui
247 3546 404 3608 advorsum
434 3552 514 3606 eunt.
558 3542 642 3608 Men.
672 3542 710 3622 V,
734 3547 769 3620 3,
798 3546 834 3605 5:
871 3540 916 3600 Ne
945 3539 973 3596 ei
1000 3538 1058 3596 iam
1085 3535 1238 3608 indisselist
1273 3550 1333 3606 2111

167 3643 274 3717 pluteo
294 3644 365 3703 hinc
389 3641 562 3718 aufugerim.
608 3639 724 3706 Pseud.
740 3635 795 3716 IV,
819 3640 848 3716 2,
874 3637 927 3699 ll:
950 3634 997 3696 Ad
1020 3650 1066 3693 me
1089 3633 1153 3693 adit
1173 3635 1263 3694 rocta.
1304 3647 1333 3694 v.

180 3742 277 3804 1137:
312 3741 370 3800 Hic
392 3741 511 3816 quidem
533 3741 572 3800 ed
598 3758 645 3801 me
671 3743 752 3799 rectu
779 3738 873 3802 habet
899 3738 1014 3794 rectum
1040 3733 1126 3793 viam
1172 3727 1271 3792 Mero.
1294 3725 1333 3805 V,

176 3841 206 3917 2,
231 3841 286 3904 92;
310 3845 406 3900 recte.
451 3833 579 3900 Terent.
603 3835 684 3900 Eun.
707 3834 750 3914 II,
779 3839 808 3912 2,
835 3837 888 3896 14:
923 3835 984 3890 toto
1010 3846 1094 3890 erras
1113 3827 1173 3888 oia.
1199 3824 1338 3888 ‘Trans-

175 3932 244 4001 lata
266 3929 497 4015 significatione
528 3931 590 4000 buc
611 3932 773 4013 pertinent
795 3929 906 4007 eham,
938 3928 975 3989 ut
995 3927 1084 3990 recte
1111 3925 1220 3989 censet
1246 3919 1338 3986 Mad·

177 4030 283 4114 uigius
305 4031 338 4098 in
361 4046 494 4110 gramm.
521 4027 583 4100 lat.
604 4048 634 4110 p.
659 4033 720 4093 265
748 4027 853 4099 adnot.
886 4019 1020 4090 ablativi
1048 4020 1128 4101 sing.
1159 4017 1233 4086 lem.
1262 4036 1339 4100 pro·

248 4210 284 4276 ¹⁴)
305 4210 350 4265 Sic
368 4208 465 4278 codd,
484 4223 539 4265 non
558 4225 620 4278 aue,
640 4218 672 4266 ut
691 4215 734 4265 est
752 4209 780 4262 iu
799 4207 869 4276 vulg.

233 4297 315 4349 lituro,
332 4299 443 4343 sunonis.
471 4297 489 4335 1.
1113 4294 1130 4351 5
