3004 4764
214 245 276 302 348
562 236 714 276 SUBS'I'ANT.
730 235 885 276 serenum
899 235 961 276 ΟΑΡ.
977 233 1003 274 V.

210 411 273 472 sctis
294 410 384 482 suciis
400 412 546 484 pessumis
568 429 689 486 pessum
711 429 852 486 premam.
897 409 984 473 Pers.
1010 406 1036 487 Ι,
1059 411 1087 482 1,
1112 409 1165 468 37:
1210 423 1283 480 quos
1304 421 1372 478 pro

210 510 304 582 cupite
326 511 406 569 illius
428 511 564 583 pendam.
588 507 647 585 III,
671 515 699 584 3,
725 512 782 570 21:
805 509 888 568 Leno
911 516 941 567 te
965 514 1116 585 argeutum
1140 503 1371 580 puscit—Pro
1488 571 1489 578 ,

210 606 366 666 liberanda
388 607 492 665 amica.
515 603 602 670 Pers.
625 604 664 684 V,
688 609 716 682 2,
738 608 793 668 57:
824 608 873 681 qui
894 607 962 664 huic
979 624 1038 680 pro
1061 610 1087 665 te
1110 609 1263 678 argentum
1286 602 1369 661 dedi.

209 700 307 766 Mero.
329 700 355 779 I,
382 708 408 779 l,
434 706 508 765 104:
554 707 629 764 Dico
657 705 720 764 eius
743 721 801 777 pro
829 704 943 763 maritis
971 711 1086 779 gratum
1115 719 1161 761 me
1190 708 1222 760 et
1248 717 1370 758 munem

210 799 283 860 lore.
330 799 454 864 Terent.
478 799 558 864 Eun.
582 800 608 878 I,
632 805 662 878 2,
686 805 741 863 89;
784 787 859 861 Heri
886 803 981 862 miuus
1010 801 1115 875 viginti
1140 817 1195 873 pro
1224 799 1369 858 ambobus
1488 793 1489 796 ’

214 899 291 958 dedi.
337 896 417 961 Eun.
442 896 480 975 V,
502 902 532 975 4,
559 903 615 960 19:
638 903 701 974 Ego
724 904 775 975 pol
798 907 827 960 te
851 919 906 974 pro
929 901 995 959 istis
1019 899 1107 958 dictis
1130 902 1159 956 et
1179 895 1276 971 lactis,
1301 913 1367 956 sce·

210 999 268 1073 lus,
291 998 436 1058 Ulciscsr.
481 995 557 1060 Huc.
581 995 641 1074 111,
666 1001 693 1074 1,
717 1001 772 1059 30:
802 999 891 1057 Pueri
913 998 995 1055 inter
1017 1014 1083 1056 sese
1108 979 1194 1070 onam
1214 1012 1270 1068 pro
1292 995 1366 1052 levi-

215 1094 270 1154 bus
293 1095 387 1153 noxiis
403 1096 464 1154 iras
477 1093 597 1170 gerunt!
620 1093 675 1158 ubi
690 1091 758 1156 iere
771 1093 856 1157 idem
880 1098 930 1156 est
949 1091 1033 1171 quud
1051 1096 1181 1166 prepter.
1199 1125 1241 1135 -
1257 1089 1285 1153 d.
1310 1087 1371 1151 Oo-

220 1195 351 1268 gnutum
375 1197 437 1267 est,
465 1191 492 1253 si
515 1187 672 1271 siguificat
699 1190 747 1270 id,
776 1191 859 1270 quod
882 1191 914 1253 in
937 1190 1136 1254 commodum
1167 1185 1301 1250 alicuius
1322 1185 1372 1249 rei

220 1286 271 1349 vel
294 1303 450 1366 personae
473 1293 539 1366 est,
562 1288 614 1352 vel
635 1288 686 1368 id,
709 1289 793 1368 quod
817 1287 858 1351 ad
880 1287 1017 1365 aliquam
1040 1305 1108 1350 rem
1131 1285 1276 1349 adhiberi
1296 1302 1372 1365 pus-

218 1383 270 1448 sic.
313 1383 391 1448 Cato
416 1385 451 1449 R.
474 1385 511 1449 R.
535 1404 561 1449 c.
586 1391 642 1450 83:
666 1391 772 1448 Votum
790 1406 847 1462 pro
870 1388 971 1460 bubus,
995 1393 1027 1445 ut
1050 1388 1179 1456 valeant,
1203 1386 1246 1445 sic
1269 1384 1371 1444 facito.

216 1480 250 1545 (l.
277 1487 331 1544 17:
355 1486 455 1545 Rebus
483 1487 624 1545 materies
659 1487 731 1544 item
764 1505 820 1560 pro
842 1487 937 1544 ridica
964 1490 1055 1562 cett,
1085 1481 1155 1544 vide
1188 1478 1372 1544 Schneider.

218 1578 306 1643 Orat.
338 1579 377 1644 de
405 1588 534 1660 sumptu
562 1599 620 1644 suc
643 1599 693 1661 ap.
717 1581 867 1646 Fronton.
892 1601 940 1662 cp.
965 1581 1006 1644 ad
1035 1580 1182 1644 Antonin.
1205 1578 1258 1642 lib.
1287 1575 1312 1656 I,
1337 1583 1371 1640 2:

218 1680 324 1738 deinde
349 1699 423 1754 quae
440 1673 496 1756 'ego
521 1699 580 1754 pro
602 1681 774 1754 republica
796 1681 935 1742 fecissem
957 1685 1104 1755 leguntur.
1149 1677 1202 1742 Fr.
1227 1676 1327 1755 origg.
1350 1675 1370 1737 l.

217 1773 256 1853 V,
282 1781 296 1838 1
321 1775 463 1840 Bolhuis
487 1795 516 1856 p.
542 1783 596 1842 37:
643 1781 739 1838 Urbes
770 1781 941 1854 insulasque
969 1781 1063 1839 omnis
1087 1795 1159 1853 agro
1189 1795 1244 1852 pro
1267 1777 1371 1850 Illyrio

219 1892 302 1946 esse,
331 1873 385 1937 ubi
408 1893 468 1936 esse
484 1894 542 1948 pro
565 1877 666 1948 utiquo
688 1874 771 1936 idem
789 1877 936 1952 estquod
953 1873 1070 1953 iacere,
1093 1890 1221 1938 causam
1239 1871 1371 1935 alicuius

219 1971 313 2047 tueri,
327 1969 367 2033 ab
379 1969 513 2034 alicuius
525 1973 671 2050 partibus
679 1976 774 2034 stare.
787 1970 825 2034 In
836 1972 980 2035 oratione
993 1977 1105 2036 contra
1113 1971 1154 2036 M.
1165 1969 1307 2034 Coelium
1320 1987 1368 2048 up.

219 2066 402 2142 Festum
414 2072 542 2142 scapulis
552 2067 632 2132 haec
643 2068 808 2148 leguntur:
817 2089 874 2143 pro
887 2072 1016 2144 scopulis
1027 2078 1114 2146 utque
1123 2071 1371 2130 daemomonum

220 2168 402 2240 reipublicae
426 2168 533 2242 prolui,
564 2166 594 2228 h.
618 2185 643 2230 c.
667 2167 921 2230 incommodum
945 2167 1162 2246 scapularum,
1191 2184 1231 2229 ne
1262 2163 1372 2229 verbe·

220 2271 370 2326 rarentur
398 2269 432 2326 et
453 2263 577 2328 aerarii.
622 2263 717 2326 Ennii
740 2262 843 2327 annal.
866 2262 969 2342 LVI,
998 2263 1036 2327 ir.
1060 2269 1115 2343 18,
1144 2283 1172 2327 r.
1198 2267 1273 2328 215:
1316 2281 1371 2338 pro

219 2363 352 2422 Romano
375 2366 494 2436 populo.
539 2360 712 2426 Erechthei
734 2360 773 2424 fr.
798 2368 830 2425 5:
860 2383 916 2438 pro
938 2371 1040 2425 vostre
1062 2366 1122 2424 vitu
1144 2366 1233 2424 morti
1256 2381 1371 2423 occum-

218 2457 293 2518 bant
314 2461 440 2520 obviem.
484 2458 588 2523 Pluut.
612 2458 726 2524 Bacch.
750 2459 809 2538 III,
834 2464 863 2536 3,
888 2463 943 2522 16:
975 2465 1024 2536 qui
1043 2479 1100 2536 pro
1123 2467 1184 2522 tom
1207 2465 1371 2534 corrumpto

220 2559 294 2616 dicis
318 2576 437 2617 causam
458 2559 529 2630 tilio.
574 2556 669 2622 Most.
692 2577 721 2621 v.
744 2563 820 2621 242:
857 2562 939 2632 Quae
956 2577 1016 2633 pro
1037 2579 1083 2619 me
1105 2579 1224 2620 causam
1249 2561 1370 2630 diceret,

218 2661 374 2729 patronum
403 2657 537 2716 liberavi.
582 2655 679 2720 Mero.
703 2655 782 2735 prul.
805 2674 833 2718 v.
857 2662 897 2719 4:
935 2657 996 2717 Pro
1023 2677 1088 2719 meo
1106 2675 1237 2732 persono
1259 2663 1293 2716 ut
1318 2659 1371 2716 sim
1490 2651 1491 2660 ’

219 2752 256 2812 ad
284 2771 334 2813 vos
363 2755 453 2812 index
480 2756 549 2814 ilico
574 2757 624 2820 lex
647 2754 830 2817 coniectura
852 2752 1045 2833 Ritschelii),
1076 2754 1131 2818 ubi
1162 2773 1221 2829 pro
1252 2770 1277 2817 c.
1310 2751 1371 2816 abl.

218 2865 276 2927 pro
299 2847 367 2912 solo
390 2849 496 2912 dativo
519 2850 657 2929 positum
681 2857 739 2915 est.
784 2850 912 2915 Terent.
937 2850 1032 2914 Andr.
1057 2851 1094 2930 V,
1117 2859 1146 2930 4,
1172 2854 1370 2916 15:1ume-

218 2955 298 3007 tuam
321 2956 446 3022 putrem,
470 2950 564 3009 habeo
586 2969 641 3025 pro
664 2952 717 3009 illa
739 2967 772 3009 re
795 2952 878 3010 illum
902 2951 979 3024 quod
1002 2968 1136 3010 moneam
1159 2953 1267 3026 probe,
1290 2946 1320 3010 h.
1344 2965 1369 3010 e.

223 3042 307 3122 quod
330 3043 408 3108 utile
429 3045 471 3108 sit
493 3045 525 3109 in
546 3044 626 3110 huuc
649 3063 727 3120 rem,
750 3049 787 3108 ut
809 3044 1017 3110 Ruhnkeuius
1042 3046 1187 3126 explicet.
1203 3081 1246 3090 -
1262 3063 1290 3109 e.
1311 3047 1372 3106 Pro

220 3140 305 3204 idem
328 3139 485 3220 siguificat
514 3143 598 3221 quud
620 3145 792 3219 secuudum,
823 3147 939 3204 rodone
970 3146 1097 3206 alieuius
1126 3148 1171 3208 rei
1193 3147 1309 3219 habita,
1337 3142 1370 3205 in

223 3235 416 3316 OEtmdbbeit,
439 3237 522 3319 nod).
567 3238 646 3303 Catu
670 3241 706 3304 R.
732 3241 768 3304 R.
794 3259 819 3304 c.
848 3247 880 3304 1:
912 3247 987 3304 scito
1007 3261 1063 3318 pro
1084 3245 1200 3302 ratione
1222 3243 1368 3303 fructuum

218 3356 294 3398 esse.
341 3335 374 3400 O.
401 3342 474 3400 157:
513 3341 735 3413 proportione
764 3342 901 3401 brassica
928 3345 953 3402 si
980 3344 1083 3402 uteris.
1129 3337 1162 3404 O.
1184 3346 1220 3403 4:
1262 3343 1368 3400 Villam

218 3437 360 3497 urbanum
380 3453 438 3511 pro
461 3438 544 3510 copia
567 3439 734 3498 aedificato.
779 3435 815 3540 C⁴
838 3443 873 3500 5:
897 3441 928 3499 Si
951 3441 1016 3515 quis
1040 3441 1109 3515 quid
1126 3440 1295 3515 deliquerit,
1313 3454 1369 3512 pro

216 3551 296 3592 noua
328 3536 404 3594 bono
431 3536 518 3594 modo
553 3536 691 3596 vindicet.
737 3533 770 3598 C.
795 3541 852 3598 77:
897 3539 1043 3610 Quantum
1071 3541 1152 3598 veles
1175 3555 1232 3611 pro
1258 3537 1370 3594 ratione

220 3635 294 3694 cett.
317 3629 405 3694 Orat.
429 3627 551 3694 advers.
576 3629 612 3706 Q.
637 3630 808 3695 Minucium
833 3631 1003 3696 Thermum
1037 3651 1086 3713 up.
1109 3630 1310 3696 Rufinianum
1332 3631 1369 3695 de

219 3723 331 3808 figuris
353 3746 383 3807 p.
408 3731 488 3790 210:
513 3731 570 3801 Qui
593 3737 725 3790 ventrem
749 3750 832 3791 suum
855 3752 912 3794 non
936 3751 992 3808 pro
1014 3734 1100 3793 hoste
1124 3734 1223 3810 habet,
1247 3734 1298 3808 qui
1316 3748 1369 3806 pro

212 3845 251 3888 ‚re
269 3827 405 3902 publicu,
433 3844 492 3886 uon
509 3844 569 3901 pro
590 3845 647 3916 soa
669 3832 809 3903 obsonet,
838 3829 878 3892 ad
901 3847 930 3906 q.
954 3828 973 3892 l.
1002 3828 1152 3909 Meyerus
1174 3827 1253 3892 haee
1275 3827 1368 3891 adnu-

219 3926 284 3986 tat:
316 3943 389 4000 ,mro
411 3941 467 3985 suo
489 3923 544 3987 int.
568 3943 609 3994 re,
632 3926 696 4004 qui,
718 3930 881 4005 tunquam
903 3925 1067 4006 possideat
1081 3925 1253 4006 vectigalia
1268 3926 1365 3989 totius

217 4019 266 4084 rei
302 4020 464 4100 publicae,
502 4038 564 4085 non
586 4040 645 4101 pro
675 4042 732 4087 suo
762 4023 893 4087 modulo
922 4029 1084 4104 sumptum
1114 4040 1231 4088 coenae
1261 4022 1366 4089 iecit.“

215 4117 312 4183 Ennii
338 4118 550 4184 Eumenidum
580 4117 619 4183 fr.
646 4125 678 4183 l:
717 4141 773 4198 pro
803 4124 924 4186 viribus.
969 4121 1073 4186 Plaut.
1097 4119 1196 4186 Stich.
1224 4120 1263 4202 V,
1286 4128 1316 4196 4,
1335 4125 1368 4186 8:

214 4219 276 4278 Pro
300 4219 405 4293 opibus
421 4221 541 4280 nostris.
586 4217 683 4282 Merc.
706 4238 735 4283 v.
759 4223 837 4283 506:
873 4223 996 4282 'Fecere
1029 4227 1175 4282 certumst
1201 4221 1263 4280 Pro
1288 4223 1371 4294 cupio

1332 4619 1491 4732 ...ml
