3070 4758
239 251 302 311 310
687 241 841 294 smsuanu.
857 241 920 282 cae.
934 242 975 282 111.

239 415 409 493 1111111111
430 415 484 490 sar
506 433 537 490 es
555 417 645 496 1111,
667 415 698 482 h.
722 433 750 489 a.
772 432 845 483 mea
867 413 1041 493 sententia,
1070 430 1142 480 meo
1164 413 1295 496 iudicio,
1322 415 1387 487 nisi

239 512 346 597 potius
368 512 493 580 dativus
514 511 704 592 incommodi
725 515 794 594 est,
808 526 903 598 peges
925 507 1008 594 mid).
1052 509 1205 578 Similiter
1224 511 1320 584 Poen.
1345 511 1385 594 V,

235 615 267 691 4,
290 614 349 676 68:
394 611 475 675 iures
499 613 571 674 estis
594 615 707 675 ambae.
730 611 798 683 AD.
821 614 921 676 Nosne
945 610 1022 674 tibi?
1066 607 1138 675 Aul.
1175 609 1230 694 iv,
1255 615 1304 696 10,
1326 615 1385 678 38:

236 708 366 772 Tametsi
388 706 437 770 fur
458 710 529 770 mihi
551 728 594 790 ss,
616 714 759 774 molestus
782 729 842 772 non
864 727 916 772 ero
938 707 1006 770 iuri.

318 803 424 872 Plane.
447 805 542 872 Poen.
563 805 603 888 V,
626 811 655 887 2,
682 811 754 872 ili:
777 809 889 868 Iterum
910 807 985 867 miti
1005 814 1112 884 gnatus
1134 808 1246 870 videor.
1292 805 1384 888 Capi.

235 897 292 984 IV,
314 906 345 984 2,
367 905 422 972 88:
466 908 607 968 Essurirc
633 907 706 967 mihi
733 907 845 970 videre.
890 901 1019 968 Terent.
1049 901 1148 984 Andr,
1192 903 1252 984 ΠΙ,
1275 910 1304 986 3,
1328 910 1384 971 31:

235 1001 301 1066 Tibi
323 1003 367 1067 ita
387 1003 444 1065 hoa
466 1005 592 1071 videtur.
619 1001 714 1068 Ennii
735 999 943 1083 Cresphontis
963 997 1001 1063 ir.
1026 1003 1059 1064 8:
1082 1005 1159 1064 Mihi
1180 1005 1273 1066 licuit.
1296 1001 1385 1084 Iphi-

232 1098 345 1182 geniae
370 1096 408 1164 fr.
438 1103 490 1167 ll:
533 1103 606 1164 licet
636 1105 803 1164 lacrumare
830 1099 926 1178 poor,
956 1101 1020 1176 rapi
1047 1101 1171 1163 honeste
1208 1120 1267 1164 non
1301 1105 1382 1166 licet.

237 1195 340 1263 Plaut.
363 1195 459 1264 Poen.
496 1196 522 1276 Ι,
545 1203 575 1278 3,
599 1203 632 1266 3:
676 1200 743 1260 Tibi
764 1199 882 1276 quidem
904 1199 1006 1260 hercle
1029 1198 1158 1260 vendere
1185 1201 1275 1262 hasce
1299 1201 1383 1264 aedis

235 1299 318 1361 lieet.
343 1293 436 1380 Epid.
459 1291 519 1376 III,
543 1300 572 1377 1,
595 1301 629 1362 3:
657 1299 715 1360 Per
738 1297 820 1360 illam
843 1297 898 1358 tibi
920 1297 1034 1372 copiam
1058 1299 1173 1375 copiam
1194 1300 1249 1359 tibi
1270 1301 1384 1362 Parare

237 1397 326 1459 aliam
348 1395 430 1459 licet.
475 1391 565 1478 Capt.
603 1393 664 1476 III,
689 1398 717 1476 1,
740 1398 780 1461 9:
825 1395 912 1455 Ilicet
933 1395 1113 1470 parasiticae
1136 1397 1195 1458 arti
1216 1414 1383 1460 maxumam

238 1491 296 1570 [in]
318 1497 426 1559 malam
448 1513 575 1572 crucem,
597 1491 630 1560 h.
653 1509 681 1558 e.
703 1491 750 1557 ire
772 1490 858 1556 licet.
902 1489 1029 1555 Terent.
1052 1489 1170 1556 Heaut.
1193 1489 1250 1572 IV,
1273 1496 1303 1572 5,
1323 1500 1382 1560 49:

236 1589 319 1654 Aliis
341 1593 468 1668 silicet,
491 1592 624 1652 1111111
647 1592 720 1656 ticet
763 1587 893 1669 Duplex
918 1587 1044 1653 dativus
1064 1586 1168 1653 Plant.
1196 1589 1288 1671 Epid.
1321 1591 1383 1673 ΙΙΙ,

237 1693 267 1768 2,
290 1691 325 1754 2;
347 1691 405 1755 Per
426 1692 503 1754 hanc
525 1708 626 1754 curam
649 1692 749 1767 quieto
771 1691 827 1749 tibi
848 1690 921 1748 licet
942 1705 1018 1750 esse.
1063 1685 1160 1751 Stich.
1188 1687 1245 1767 IV,
1268 1694 1297 1770 2,
1324 1695 1382 1756 31:

230 1791 288 1853 Per
324 1789 402 1850 hanc
440 1790 496 1850 tibi
528 1806 631 1850 cenam
672 1789 828 1862 incenato,
866 1786 1033 1864 Gelasimo,
1069 1803 1136 1847 esse
1169 1788 1258 1849 hodie
1295 1792 1380 1851 licet.

231 1883 347 1952 Bacch.
369 1881 424 1963 IV,
447 1890 477 1964 4,
502 1888 556 1950 53:
607 1887 685 1962 Quid
707 1885 780 1945 mihi
801 1882 896 1944 refert
919 1883 1063 1952 Chrusalo
1085 1901 1152 1946 esse
1173 1903 1298 1964 nomen,
1322 1891 1381 1950 nisi

231 1983 319 2044 factis
341 1983 459 2059 probo?
500 1981 589 2046 Asin.
610 1980 691 2062 prol.
713 1999 742 2044 1.
761 1983 815 2044 10:
852 1981 921 2042 huic
943 1986 990 2041 est
1010 1999 1116 2042 nomen
1137 1983 1252 2046 Graece
1276 1986 1378 2062 Onago

232 2081 360 2144 fabulas,
404 2077 487 2144 Rud.
510 2077 590 2158 prol.
613 2097 642 2144 v.
666 2083 700 2143 ὃς
724 2096 832 2140 nomen
854 2081 1015 2139 Arcturost
1034 2080 1115 2138 mihi.
1160 2079 1275 2160 Amph.
1297 2081 1375 2161 prol.

230 2195 258 2242 1.
282 2181 337 2242 19:
359 2195 466 2240 nomen
488 2179 670 2240 Mercuriost
691 2177 772 2238 mihi
795 2170 881 2238 Men.
897 2169 935 2254 V,
958 2179 987 2254 9,
1005 2179 1037 2240 9:
1060 2179 1161 2240 mihist
1182 2181 1372 2242 Menaechmo

227 2293 343 2352 nomen.
371 2271 476 2344 MEN.
498 2271 540 2340 11.
585 2277 677 2336 imum
700 2274 807 2350 edepol
828 2273 910 2335 mihi.
933 2270 1061 2338 Terent.
1084 2272 1160 2339 Hoc.
1183 2276 1264 2357 prol.
1285 2293 1313 2339 1.
1337 2280 1369 2339 1:

229 2375 366 2452 neonae
388 2375 474 2439 huice
497 2390 603 2437 nomen
625 2371 782 2440 fabulaest.

311 2467 391 2537 Cato
413 2467 451 2535 R.
473 2468 511 2534 R.
536 2487 560 2534 o.
587 2472 641 2534 14:
672 2472 744 2530 1111
765 2469 881 2530 domiuo
902 2487 974 2546 pars
996 2477 1101 2546 quarta
1122 2476 1219 2548 precii
1241 2479 1373 2552 accedat,

231 2566 287 2634 ubi
308 2563 533 2635 Schneiderus:
557 2566 650 2648 „Non
672 2564 797 2631 domino
819 2566 951 2646 accedit,
973 2566 1030 2631 sed
1044 2586 1064 2631 a
1079 2567 1204 2637 domino
1226 2573 1375 2639 adiicitur

231 2682 307 2748 pars
326 2668 441 2748 quarta
461 2663 566 2746 pretii
589 2663 694 2746 Igitur
716 2662 984 2745 praepositionem
1008 2665 1162 2732 excidisse
1179 2669 1289 2750 puto.“
1311 2669 1374 2736 Sed

230 2781 294 2832 non
315 2781 395 2846 opus
418 2767 468 2831 est
492 2763 761 2845 praepositionem
788 2761 895 2843 adiici,
922 2780 996 2827 nam
1023 2762 1150 2831 dativus
1175 2768 1298 2848 positus
1322 2773 1373 2834 est

231 2861 342 2928 eodem
364 2861 458 2926 modo
481 2878 543 2942 quo
572 2859 759 2926 coniunctus
785 2878 856 2924 cum
882 2861 979 2926 verbo
1001 2862 1145 2946 passivo,
1179 2885 1238 2948 pro
1260 2887 1279 2930 a
1300 2885 1374 2934 cum

225 2958 290 3029 abl.
313 2957 490 3027 coniuncto,
533 2955 568 3023 O.
589 2964 622 3022 5:
655 2967 689 3018 nt
711 2960 778 3020 aliis
802 2965 886 3023 recte
909 2957 1010 3022 iacere
1032 2963 1132 3025 libeat.
1160 2963 1265 3032 Plani.
1286 2965 1365 3032 Asin

225 3055 252 3139 I,
278 3061 306 3137 1,
329 3061 385 3124 97;
420 3059 480 3132 Ubi
500 3059 582 3122 eris?
628 3052 681 3120 LI.
721 3057 924 3134 Ubiqnomque
949 3060 1073 3119 lubitum
1096 3065 1154 3123 erit
1176 3067 1274 3128 animo
1296 3084 1371 3127 meo.

228 3153 302 3225 cist
327 3153 354 3236 I,
379 3159 406 3235 l,
433 3158 507 3220 118:
531 3157 655 3231 Quando
678 3157 723 3217 ita
742 3155 798 3222 tibi
819 3153 911 3218 lubet.
948 3155 1009 3236 (Ap
1031 3175 1051 3222 a
1073 3175 1136 3224 sea.
1158 3178 1255 3230 manu
1275 3160 1374 3228 habet

223 3255 311 3333 labet,
327 3256 423 3320 antea
435 3256 526 3318 iuvet.
546 3249 708 3334 (11111111).
732 3249 878 3332 Aquilius
894 3249 1029 3320 Boeotia
1040 3253 1078 3320 fr.
1098 3263 1125 3338 l,
1141 3275 1170 3323 1.
1184 3264 1218 3324 7;
1241 3263 1299 3323 nisi
1313 3261 1370 3323 solt

226 3352 289 3424 (tet
311 3345 437 3425 8once)
462 3355 554 3421 lubet.
577 3351 672 3421 Ennii
694 3348 798 3414 annal.
820 3347 840 3412 l.
863 3345 889 3429 1,
912 3346 950 3412 ir.
976 3355 1148 3432 12,v.11:
1172 3365 1202 3419 et
1216 3361 1370 3434 postinde

222 3451 305 3520 uenit
326 3451 465 3515 divinitus
488 3451 583 3528 pallis
609 3453 680 3530 Ipsa
702 3450 807 3510 anima.
851 3447 1073 3516 Andromacha
1095 3453 1310 3528 Aechmalotis
1331 3453 1369 3522 fr.

226 3550 256 3627 9,
277 3564 306 3617 v.
321 3551 396 3612 115:
420 3550 476 3613 Oui
497 3569 552 3612 nec
575 3567 646 3613 arae
668 3549 784 3624 patriae
808 3547 887 3607 domi
909 3553 998 3610 stant.
1021 3549 1136 3616 Annal.
1159 3551 1179 3617 l.
1202 3551 1229 3633 I,
1256 3551 1294 3618 fr.
1319 3559 1369 3634 57,

222 3663 252 3709 1.
274 3647 330 3713 86:
374 3646 514 3712 01111111
537 3667 608 3710 cura
630 3648 704 3708 airis
726 3651 793 3706 uter
819 3649 901 3705 esset
928 3647 1131 3723 induperator.
1176 3650 1309 3732 Telephi
1330 3649 1368 3717 fr.

218 3749 258 3817 4:
287 3746 390 3810 Palam
412 3747 520 3806 mutire
536 3747 649 3823 plebeio
673 3744 823 3820 piaculum
845 3747 900 3804 est
943 3739 1090 3826 Thyestis
1111 3745 1150 3814 fr.
1175 3757 1209 3828 5,
1238 3769 1267 3816 1.
1291 3756 1368 3818 394:

221 3846 273 3922 pol
293 3845 366 3908 mihi
387 3841 508 3907 fortuna
528 3847 622 3924 magis
644 3860 723 3912 nunc
745 3840 817 3900 defit
840 3858 926 3915 quam
947 3861 1049 3918 genus.
1081 3845 1228 3930 Thyestis
1249 3847 1288 3912 fr,
1315 3854 1369 3915 13:

218 3959 309 4023 quam
336 3942 410 4003 mihi
437 3943 593 4004 maximum
620 3944 707 4021 hodie
735 3943 784 4004 hio
812 3940 972 4014 contigerit
994 3947 1111 4008 malum.
1155 3943 1284 4030 uragu.
1307 3945 1366 4015 issa.

219 4027 302 4120 irag.
318 4039 373 4105 20:
396 4056 412 4100 s
431 4057 483 4118 sps
497 4041 613 4118 quidem
628 4043 660 4104 id
675 4047 820 4113 successit
838 4046 901 4114 1111.
925 4041 1020 4108 Ennii
1035 4043 1218 4124 epigramm.
1235 4049 1265 4128 3,
1278 4065 1310 4122 1,
1329 4050 1367 4111 9:

388 4136 487 4199 Silas
510 4139 586 4200 endo
604 4142 708 4216 plagas
731 4145 895 4206 caelestum
918 4144 1080 4218 ascendere
1101 4144 1239 4220 cuidam
1261 4152 1316 4220 est,
1416 4207 1417 4212 ,

391 4237 436 4296 lli
458 4237 515 4298 soli
535 4239 613 4298 caeli
633 4241 761 4303 maxima
782 4247 871 4319 porta
891 4247 984 4318 patet.
