3040 4758
192 257 234 318 ¹8
628 253 784 294 SUBS'I'ANT.
804 257 867 298 ΟΔΡ,
882 257 911 296 ΙΙ.

191 423 286 488 modo
308 423 329 487 l.
352 423 439 503 XVI,
461 421 500 488 ir.
525 429 565 489 16
589 426 719 504 (Festus
742 447 772 508 p.
798 434 859 494 333
881 427 924 492 M.
948 447 1075 505 „speres
1098 428 1220 508 antiqui
1242 429 1351 510 plura·

194 519 271 585 liter
292 521 455 599 dicebant,
478 525 516 584 ut
537 522 660 588 Ennius
682 526 772 602 cett.)
816 525 920 590 Plaut.
944 527 1029 590 Trin.
1055 525 1097 605 ΙΙ,
1120 533 1154 605 4,
1178 531 1234 590 89:
1268 530 1351 589 Deos

192 619 303 678 decent
330 620 504 692 opulentiae.
552 619 649 686 Stich.
672 622 720 702 ΙΙ,
755 629 785 701 l,
815 628 870 688 28:
908 625 1059 686 Secundae
1080 625 1220 698 fortunas
1242 625 1352 684 decent

193 715 334 792 [fastidia
356 714 400 791 et]
422 718 586 790 superbiae.
631 717 726 784 Most.
743 719 785 798 ΙΙ,
812 727 839 800 l,
864 727 896 785 1:
925 725 1045 784 summis
1068 724 1173 797 opibus
1194 729 1283 797 atque
1306 723 1353 780 in-

192 813 325 873 dustriis.
370 810 468 876 Mero.
492 811 547 891 IV,
569 820 599 893 4,
624 820 680 880 54:
704 822 910 880 amationibos.
955 817 1043 882 Pers.
1067 817 1106 898 V,
1132 823 1159 892 l,
1184 824 1216 881 l:
1249 821 1352 880 Hosti-

191 909 247 968 hus
270 911 371 983 victis,
396 911 508 972 civibus
531 915 635 988 salvis,
664 933 697 975 re
719 919 853 991 placida,
875 919 1001 992 pacibies
1017 918 1159 991 perfectis
1183 917 1278 995 (quae
1302 923 1354 979 est
1518 982 1519 999 ,

192 1021 268 1066 rara
290 1003 422 1084 pluralis
444 1003 547 1070 forma
570 1026 632 1073 sec.
656 1009 751 1074 Herz.
774 1012 816 1076 ad
837 1013 912 1078 Sall.
935 1032 966 1093 p.
992 1019 1053 1076 277
1061 1033 1068 1091 ;
1093 1013 1272 1092 exemplum
1294 1031 1353 1074 no·
1431 1064 1443 1074 ,

192 1103 296 1164 strum
319 1098 412 1166 affert
432 1102 565 1168 Vossius
587 1107 686 1172 Arist.
709 1107 735 1188 Ι,
758 1127 789 1189 p.
812 1112 900 1184 462).
931 1111 1032 1174 .Trin.
1049 1110 1074 1189 Ι,
1100 1115 1127 1186 l,
1152 1115 1205 1172 14:
1227 1115 1353 1186 gratiae.

191 1194 248 1275 IV,
272 1203 302 1274 3,
327 1203 380 1260 21:
405 1209 522 1262 veteres
544 1207 753 1278 parsimoniae.
789 1205 856 1270 Mil.
873 1206 916 1285 ΙΙ,
940 1211 969 1286 2,
994 1211 1049 1270 78;
1073 1212 1249 1268 astutiarum
1272 1227 1352 1268 mea-

191 1313 267 1354 rum.
312 1313 340 1356 v.
365 1299 419 1358 98:
451 1299 598 1371 Quantum
621 1305 665 1362 vis
681 1306 924 1376 prolationumst.
970 1303 1037 1366 Mil.
1060 1303 1107 1382 ΙΙ,
1132 1311 1165 1381 5,
1189 1310 1243 1368 24;
1269 1309 1352 1381 Quae

192 1398 223 1453 te
245 1394 441 1468 intemperiae
465 1397 591 1456 tenent?
633 1397 677 1476 11,
702 1405 731 1477 6,
757 1405 831 1464 100:
866 1405 942 1462 Dum
967 1405 1042 1465 haec
1066 1406 1267 1464 consilescunt
1289 1412 1353 1464 tur-

192 1489 249 1548 bae
273 1498 360 1565 atquc
383 1492 448 1552 irae
470 1495 593 1556 leniunt.
639 1495 737 1562 Stich.
754 1498 810 1578 IV,
833 1503 862 1576 2,
888 1505 941 1564 53;
965 1503 1060 1561 Viden
1084 1503 1277 1574 benipnitates
1299 1505 1352 1562 ho-

192 1586 302 1645 miuum
325 1595 358 1646 ut
380 1591 499 1662 periere
523 1600 554 1650 et
572 1597 781 1665 prothumiae?
817 1596 855 1672 V,
879 1601 908 1674 2,
933 1603 966 1660 7:
988 1601 1109 1672 Fecisti,
1134 1617 1195 1672 ere,
1218 1599 1353 1670 facetias.

192 1696 222 1743 v.
249 1685 288 1743 10
317 1696 379 1762 sq.:
415 1686 493 1758 Quot
519 1691 661 1764 risiones,
693 1702 766 1767 quot
787 1695 885 1767 iocos,
911 1727 954 1736 —
983 1697 1164 1756 saltationes
1191 1698 1354 1756 blanditias

193 1781 388 1852 prothumias.
419 1779 457 1857 V,
482 1785 511 1860 3,
536 1787 568 1846 5:
590 1789 801 1862 munditiisque
816 1791 1004 1864 adparandis.
1035 1796 1161 1852 Amores
1176 1810 1235 1870 pro
1251 1791 1356 1855 amica

196 1869 287 1936 Cure.
311 1873 360 1948 ΙΙ,
385 1879 419 1953 3,
452 1879 502 1942 78.
546 1878 612 1944 Mil.
634 1881 690 1959 IV,
713 1888 748 1960 8,
778 1889 817 1949 67
843 1889 894 1964 (ad
916 1907 1033 1948 amores
1055 1893 1158 1962 meos).
1204 1886 1300 1953 Stich.
1323 1907 1353 1952 v.

197 1974 268 2032 737.
313 1969 383 2034 Cas.
414 1970 459 2050 ΙΙ,
492 1980 525 2054 3,
548 1982 581 2042 9:
614 1983 770 2042 munditiis
798 1987 974 2046 Munditiam
1003 1990 1132 2048 antideo.
1181 1985 1298 2052 Pseud.
1328 1985 1354 2064 Ι,

199 2071 231 2142 i,
255 2069 294 2128 62
318 2083 403 2145 sqq.:
437 2072 523 2132 Nunc
551 2080 646 2135 nostri
677 2096 792 2140 amores
820 2101 918 2142 mores
951 2087 1182 2146 consuetudines
1211 2119 1249 2128 -
1280 2085 1355 2144 dou

189 2165 357 2236 pressiones
380 2174 462 2226 artae
491 2181 639 2232 amantum
662 2194 838 2251 conparum,
862 2182 984 2240 Teneris
1008 2185 1126 2242 labellis
1149 2187 1254 2243 molles
1277 2200 1355 2240 mor-

193 2261 360 2329 siunculae,
392 2264 574 2338 Papillarum
605 2271 823 2334 horridularum
852 2279 1107 2349 cmpressiunculae
1135 2282 1208 2342 cett.
1236 2277 1353 2340 Pseud.

193 2353 220 2431 I,
238 2360 266 2432 2,
283 2361 339 2420 4οῑ
356 2361 415 2420 Vos
432 2381 507 2436 quae
523 2367 551 2424 in
568 2369 723 2429 munditiis
739 2370 909 2448 deliciisque
926 2379 1086 2434 aetatulam
1104 2380 1201 2452 agitis.
1225 2375 1354 2440 Terent.

195 2448 312 2516 Heaut.
336 2453 395 2532 III,
420 2462 448 2534 2,
474 2460 671 2540 281egitur:
705 2470 881 2543 Magnarum
905 2490 994 2546 saepe
1017 2474 1048 2531 id
1071 2474 1234 2534 remedium
1258 2474 1355 2545 copri-

200 2548 370 2611 tudinumst.
415 2554 548 2634 Adelph.
572 2558 632 2638 ΙΙΙ,
656 2566 685 2640 2,
711 2569 750 2627 33
774 2569 823 2628 est
846 2585 915 2640 spes
937 2585 1069 2630 numero
1093 2568 1220 2646 plurali,
1244 2586 1355 2647 queui-

196 2642 365 2709 admodum
382 2650 477 2713 etiam
490 2672 713 2736 nonnunquam
729 2661 813 2741 apud
829 2662 989 2741 Plautum,
1011 2669 1048 2728 ut
1058 2664 1174 2728 Pseud.
1188 2665 1213 2741 Ι,
1232 2671 1258 2743 l,
1277 2670 1354 2728 109:

199 2743 233 2799 In
258 2749 287 2801 te
311 2763 388 2805 nunc
419 2767 520 2812 omnes
548 2773 613 2828 spes
641 2765 708 2816 sunt
737 2763 830 2820 aetati
858 2781 956 2836 meae,
991 2761 1079 2824 Pers
1109 2781 1137 2824 v.
1163 2767 1234 2841 253,
1258 2762 1355 2826 Most.

195 2834 236 2913 ΙΙ,
264 2843 290 2915 l,
315 2845 369 2903 59:
393 2846 428 2903 ln
451 2857 531 2908 tuam
555 2857 738 2914 custodelam
763 2877 866 2934 meque
884 2869 914 2918 et
929 2877 993 2932 spes
1015 2878 1095 2921 meas
1112 2863 1209 2936 trado,
1233 2863 1352 2924 Tranio.

278 2933 449 3015 Reliquum
473 2948 522 3006 est
545 2953 581 3008 ut
604 2949 642 3010 de
662 2955 765 3024 pratia
788 2960 820 3017 et
841 2958 960 3028 proriae
982 2955 1151 3034 disputem,
1175 2956 1214 3020 de
1238 2959 1354 3037 quihus

194 3025 383 3098 dictumest
406 3056 424 3099 a
447 3039 575 3103 Bremia
598 3047 638 3108 ad
661 3047 740 3125 Nep.
766 3068 795 3127 p.
819 3055 868 3112 54.
912 3052 1016 3116 Bentl.
1040 3055 1080 3116 ad
1096 3053 1167 3116 Ter.
1183 3055 1280 3118 Andr.
1297 3057 1354 3136 IV,

193 3129 224 3202 4,
249 3132 299 3190 31.
346 3132 488 3199 Lindum.
513 3138 553 3199 ad
575 3140 678 3204 Plaut.
702 3144 815 3224 Amph.
839 3165 868 3225 p.
894 3155 931 3211 17
955 3157 987 3212 et
1010 3152 1051 3214 ad
1074 3150 1164 3230 Capt.
1181 3152 1223 3230 ΙΙ,
1248 3159 1276 3231 3,
1304 3159 1369 3218 13.-

192 3219 334 3302 Reisigio
363 3247 495 3306 gramm.
523 3235 578 3298 lat.
602 3255 632 3315 p.
658 3245 718 3303 133
747 3243 854 3322 ibique
884 3246 1004 3310 Haasio
1034 3249 1141 3312 adnot.
1174 3255 1244 3313 150.
1290 3252 1354 3316 Be·

194 3317 307 3381 neckio
330 3323 370 3384 ad
394 3324 457 3392 Cic.
481 3336 561 3396 orat.
586 3333 678 3400 Catil.
703 3356 732 3416 p.
749 3345 800 3419 48,
827 3345 1043 3422 copiosissime
1067 3351 1174 3408 autem
1198 3365 1218 3408 a
1239 3347 1354 3410 Reiuio

195 3422 317 3489 quaest.
341 3417 443 3486 Plaut.
467 3435 549 3504 part.
572 3434 675 3510 prima
696 3454 726 3516 p.
751 3442 865 3502 9-16.
911 3443 979 3504 lam
1008 3448 1134 3506 constat
1162 3449 1285 3518 gratiam
1311 3445 1353 3508 si-

193 3507 342 3583 gnificare
365 3527 492 3594 gratum
517 3528 670 3608 animum,
702 3539 814 3608 gratias
837 3544 945 3600 autam
968 3546 1062 3618 grata
1085 3543 1197 3619 vor-ha,
1228 3560 1266 3604 ex
1289 3560 1352 3620 quo

194 3602 330 3671 efficitur
362 3630 432 3676 cum
457 3621 554 3684 verbo
585 3645 673 3699 agere
697 3648 758 3692 non
789 3651 883 3711 posse
912 3637 1059 3717 coniungi
1089 3638 1151 3701 nisi
1182 3639 1350 3718 pluralem,

192 3717 263 3763 cum
286 3709 401 3770 referre
426 3717 459 3775 et
482 3717 591 3778 habere
613 3728 735 3788 tautum
768 3730 962 3808 singularem
995 3737 1053 3810 (sic
1074 3735 1177 3799 Plaut.
1201 3737 1296 3800 Most.
1325 3737 1352 3816 I,

192 3802 220 3874 3,
247 3805 285 3862 57
310 3808 343 3866 et
366 3812 415 3870 75.
460 3807 548 3874 Pers
566 3815 624 3896 ΙΙΙ,
649 3826 677 3898 3,
702 3829 758 3888 23;
781 3834 907 3902 gratiam
930 3833 1054 3906 referre,
1078 3833 1162 3896 Men.
1179 3833 1216 3912 V,
1241 3841 1269 3911 9,
1295 3840 1352 3899 33:

191 3895 287 3957 habeo
310 3908 444 3975 gratiam.
470 3906 562 3973 Most.
581 3912 620 3980 ΙΙ,
646 3922 674 3994 2,
700 3925 731 3983 l:
756 3927 869 3998 Habeo,
893 3931 1041 4004 Neptune,
1065 3936 1191 4006 gratiam
1214 3952 1351 4008 magnam

190 3994 266 4064 tibi),
291 3997 445 4072 pluralem
469 4009 537 4068 tum
561 4010 677 4088 solum,
715 4035 786 4081 cum
814 4022 1006 4087 alterutrum
1035 4026 1149 4090 horum
1178 4029 1351 4092 verborum

191 4103 261 4149 cum
285 4111 373 4166 agere
396 4096 429 4159 in
452 4119 515 4164 una
532 4110 751 4176 renunciatione
767 4119 967 4183 coniunctum
992 4128 1050 4201 est,
1074 4127 1163 4186 cuius
1179 4126 1227 4187 rei
1243 4143 1351 4188 exem-

188 4181 277 4259 plum
300 4187 448 4257 Bremius
472 4197 490 4260 l.
515 4217 541 4262 c.
566 4203 659 4270 affert
682 4227 719 4270 ex
741 4210 865 4293 Plauto,
890 4217 1002 4296 Amph.
1024 4219 1049 4298 Ι,
1076 4226 1102 4297 l,
1127 4227 1182 4284 25:
