3040 4758
222 273 263 328 28
645 262 800 304 sonantur.
822 263 886 303 OAP.
901 263 943 302 ΙΙΙ.

221 440 338 500 vitulos.
383 433 499 500 Caecil.
524 435 603 500 scat.
626 434 759 516 Hymnia
782 434 819 499 ir.
843 441 872 512 3,
893 453 920 498 v.
947 437 1002 498 69:
1028 438 1104 510 Quin
1129 436 1291 498 machaera
1315 437 1384 496 lici-

221 538 280 596 tari
303 537 458 596 adversum
480 551 604 594 aeneam
627 535 744 609 coepsti
766 535 881 594 scieas?
916 531 1036 595 Karine
1051 529 1088 594 ir.
1108 536 1134 609 l,
1151 547 1180 594 v.
1199 534 1276 594 105:
1303 533 1385 607 quod

220 635 290 692 uiuo
312 633 369 708 ipsi
390 633 539 706 opposivit
561 633 687 706 pignori.
733 628 861 692 Terent.
885 629 982 692 Andr.
1006 627 1060 707 IV,
1086 632 1114 706 5,
1140 633 1174 692 3:

350 767 431 838 Quae
456 782 521 824 sese
544 765 702 823 inhoneste
726 765 840 837 optavit
861 781 969 837 parere
994 762 1042 821 hic
1063 762 1151 821 ditias

348 862 452 921 Potius
476 879 562 935 quam
585 862 615 918 in
638 862 738 934 patria
760 861 882 920 honeste
900 878 1018 933 pauper
1040 861 1161 920 viveret.

307 1023 335 1080 5.
369 1017 540 1096 Reliquum
570 1022 620 1081 est
648 1021 686 1082 ut
715 1017 755 1082 dc
783 1035 844 1081 usu
866 1016 1011 1081 anomalo
1033 1014 1220 1080 nominativi
1242 1016 1385 1094 dicatur,

221 1131 284 1193 quo
303 1114 463 1180 referendi
485 1119 560 1178 sunt
582 1115 604 1176 ii
626 1115 697 1185 loci,
721 1114 774 1178 uhi
796 1115 847 1177 vel
863 1117 993 1176 obsolute
1016 1113 1139 1194 positus
1156 1131 1225 1178 esse
1242 1111 1384 1192 videtur,

220 1211 271 1275 vel
300 1211 512 1277 anacoluthon
536 1217 586 1276 est
609 1213 642 1276 in
670 1211 906 1289 enunciatione,
939 1216 974 1273 ut
996 1215 1087 1272 extra
1110 1213 1309 1274 structuram
1338 1210 1385 1274 le·

220 1309 363 1388 gitimam
386 1310 556 1374 verborum
581 1310 826 1388 enuntiationis,
859 1325 942 1389 quae
964 1307 1062 1370 alium
1086 1324 1194 1371 casnm
1217 1307 1387 1372 desidera-

221 1409 282 1482 ret,
305 1406 429 1484 positus
453 1407 503 1471 sit.
533 1407 672 1471 Maxime
695 1412 789 1487 aptus
813 1413 863 1470 est
884 1404 1098 1468 nominativus
1117 1404 1158 1466 ad
1179 1404 1262 1468 hunc
1287 1423 1385 1471 usum

219 1503 376 1582 tinprimis
391 1503 423 1567 in
439 1505 753 1583 enumerationibus),
778 1504 925 1584 quoniam
942 1507 992 1566 cst
1008 1519 1099 1566 casus
1116 1501 1385 1581 simplicissimae,

219 1600 270 1663 cui
300 1600 347 1663 rei
369 1601 499 1682 egregio
528 1602 718 1666 documento
746 1606 797 1666 est
824 1600 913 1665 locus
941 1598 1108 1662 Plautinus
1137 1599 1219 1662 Men.
1249 1598 1319 1678 III,
1353 1605 1384 1679 2,

220 1701 275 1760 23:
302 1701 378 1772 Quid
402 1702 454 1772 ais,
479 1703 565 1760 homo
586 1703 695 1760 Levior
718 1719 805 1774 quam
822 1701 937 1772 ptumo,
967 1695 1022 1759 ubi
1045 1695 1255 1760 nominativus
1277 1703 1386 1774 pluma

221 1795 369 1873 congruit
392 1813 463 1859 cum
485 1813 675 1874 praegresso
698 1795 843 1858 vocativo
866 1797 962 1867 homo,
987 1793 1031 1856 ita
1053 1799 1090 1856 ut
1112 1792 1191 1856 nulli
1213 1794 1267 1857 alii
1293 1796 1385 1860 casui

218 1890 307 1955 locus
331 1909 401 1956 esse
418 1893 576 1970 potuisset
591 1895 629 1968 (v.
647 1893 818 1956 Diomedes
834 1908 863 1970 p.
881 1893 950 1953 206.
976 1907 1037 1953 sec.
1055 1890 1128 1952 edit.
1146 1890 1254 1955 Colon.
1274 1895 1384 1968 1526).

220 1989 296 2052 Voc.
319 1992 413 2051 levior
436 1996 558 2068 autem,
589 1996 625 2053 ut
647 2008 724 2054 vera
746 1987 955 2068 congruentia
977 1987 1163 2051 nominativi
1185 2007 1256 2052 cum
1278 1991 1383 2054 rromi·

220 2086 327 2150 nativo
343 2083 509 2166 afficiatur,
532 2087 694 2167 participii
707 2087 808 2151 instar
824 2085 994 2149 solvendus
1010 2088 1060 2148 est
1075 2085 1121 2147 in:
1146 2089 1196 2162 qui
1219 2107 1250 2148 es
1270 2091 1380 2150 levior.
1463 2115 1467 2122 ·

218 2181 359 2247 Primum
382 2183 546 2263 pertinent
568 2183 629 2248 huc
652 2185 713 2249 loci
736 2181 880 2247 nonnulli
892 2181 1031 2246 Catonis.
1067 2183 1113 2246 Ac
1134 2183 1238 2246 urinas
1262 2185 1384 2250 miran-

221 2282 295 2344 dum
317 2279 377 2344 hoc
401 2280 504 2344 estin
528 2299 565 2345 eo
589 2281 669 2346 libro
693 2280 849 2359 eius,·qui
872 2281 922 2342 cst
942 2277 983 2341 da
1009 2295 1043 2340 re
1067 2279 1196 2357 rustica,
1220 2283 1306 2360 quod
1331 2282 1384 2347 hic
1423 2358 1429 2372 ,
1507 2335 1508 2348 ,

220 2376 302 2442 liber
325 2377 370 2440 ita
391 2377 518 2442 videtur
541 2380 739 2458 conscriptus
764 2395 834 2441 esse
858 2394 877 2438 a
900 2373 1038 2453 Catone,
1073 2381 1110 2438 ut
1137 2395 1200 2441 non
1227 2385 1383 2458 expertus

220 2475 264 2538 sit
278 2475 422 2539 ultimam
443 2475 534 2554 quasi
550 2494 677 2540 manum
700 2474 955 2549 emendatricem,
979 2471 1036 2534 sed
1057 2478 1093 2535 ut
1115 2475 1216 2537 multa
1232 2475 1384 2541 celeriter

219 2572 280 2636 sibi
295 2572 463 2636 adnotaret
478 2577 602 2638 tantum
619 2593 700 2653 quae
714 2580 826 2654 postea
848 2570 1020 2639 secundum
1043 2573 1269 2650 grammaticae
1285 2593 1382 2654 prae·

218 2673 311 2748 cepta
338 2668 501 2732 severiora
528 2671 625 2735 vellet
657 2671 834 2736 ernendare.
880 2672 931 2734 Sic
954 2688 1022 2748 cap.
1049 2675 1102 2732 10:
1139 2672 1291 2744 Quomodo
1317 2677 1382 2734 ole-

216 2777 279 2828 tum
301 2770 514 2829 -instruere
543 2779 676 2844 oportet:
710 2774 828 2832 vilicum
856 2803 898 2812 -
927 2771 1086 2844 opilionem
1109 2771 1131 2828 1.
1178 2768 1302 2830 Summo
1326 2775 1379 2832 ho·

218 2868 327 2924 minum
354 2867 436 2925 ΧΙΙΙ.
459 2867 550 2928 hoves
574 2870 668 2928 trinos
698 2871 772 2930 cett.
817 2864 887 2930 Hoc
921 2865 990 2930 loco
1022 2846 1380 2960 nomin—extinvansisumma

219 2960 405 3024 interiectus
422 2966 472 3024 est
486 2963 677 3028 accusativis
693 2965 747 3041 qui
764 2963 958 3028 antecedunt
974 2968 1007 3026 et
1023 2968 1210 3042 sequuntur,
1226 2967 1264 3026 ut
1279 2982 1381 3028 enun-

219 3058 385 3122 ciationem
408 3059 501 3136 quasi
523 3077 581 3138 per
606 3079 641 3123 se
665 3058 791 3139 efficiat,
815 3061 861 3124 ita
884 3068 921 3124 ut
943 3061 1048 3124 animo
1072 3061 1237 3140 scriptoris
1261 3065 1300 3123 sit
1323 3064 1379 3126 oh·

217 3159 378 3220 versatum
403 3174 474 3222 esse
495 3156 651 3220 videatur.
698 3157 850 3222 Similiter
880 3176 947 3237 cap.
974 3164 1010 3221 ll
1036 3177 1063 3220 v.
1093 3160 1212 3220 Summa
1242 3163 1377 3222 homines

216 3252 293 3316 XVI
316 3253 432 3333 ubique
456 3255 650 3333 praecedunt
680 3255 868 3334 accusativi,
903 3261 940 3320 ut
969 3261 1087 3319 vilicum
1111 3259 1183 3319 cett.
1216 3261 1248 3320 et
1279 3258 1376 3336 paulo

215 3349 297 3414 infra
319 3358 496 3428 sequuntur
518 3352 598 3416 item
621 3353 807 3417 accusativi:
833 3357 923 3416 hoves
939 3358 977 3427 ΙΙ,
1002 3358 1101 3434 asinos
1125 3356 1200 3416 cett.
1240 3353 1287 3417 lh.
1305 3372 1374 3434 cap.

218 3454 272 3511 17:
306 3452 358 3509 Ea
380 3467 454 3524 quae
479 3469 579 3510 semen
602 3453 695 3513 viride
720 3460 749 3510 et
772 3460 918 3512 maturum
943 3455 1048 3525 hahet,
1072 3454 1117 3512 uti
1139 3470 1240 3512 semen
1264 3455 1299 3512 de
1325 3472 1374 3514 cu-

215 3565 328 3621 presso,
353 3549 389 3606 do
409 3550 489 3623 pino,
513 3550 628 3622 quidvis
652 3551 722 3608 anni
745 3552 839 3623 lepore
860 3553 969 3624 possis,
994 3548 1048 3612 nbi
1070 3563 1129 3626 pro
1154 3567 1189 3608 ea
1211 3553 1374 3628 exspecta·

214 3648 267 3705 tur
288 3642 396 3720 potius
422 3661 500 3716 eam,
535 3643 590 3706 sed
613 3646 824 3709 nominativus
855 3645 923 3724 ipso
947 3645 1037 3709 initio
1068 3644 1221 3708 orationis
1244 3647 1368 3724 positus

214 3747 264 3803 est
286 3738 447 3818 absolute,
481 3739 569 3803 nulla
596 3742 719 3806 ratione
743 3743 852 3807 habita
881 3742 1127 3807 constructionis
1157 3745 1372 3824 syntecticae3

213 3836 341 3900 videtur
363 3855 421 3916 per
443 3839 664 3902 attractionem
688 3844 821 3919 propter
843 3846 1029 3918 sequentem
1051 3841 1279 3904 nominativum
1300 3858 1373 3920 pro-

212 3935 347 3998 nominis
373 3935 500 3998 relativi
523 3935 806 4001 demonstrativum
838 3937 934 4000 etiam
957 3939 989 4000 in
1012 3939 1203 4004 nominativo
1231 3940 1371 4018 positum

214 4049 294 4096 essa.
340 4030 393 4095 Or.
422 4033 455 4096 in
483 4035 517 4098 L.
542 4033 710 4098 Veturium
732 4035 771 4098 de
795 4032 949 4098 sacrificio
973 4036 1139 4100 commisso
1167 4054 1216 4114 ap.
1240 4035 1371 4098 Festum

209 4147 240 4209 p.
265 4133 344 4193 234:
375 4131 469 4200 Serui,
492 4134 626 4200 auditae,
649 4136 760 4209 siquis
784 4152 885 4193 eorum
909 4137 962 4194 sub
987 4143 1112 4195 centone
1137 4135 1268 4209 crepuit,
1292 4133 1370 4208 quod

210 4246 265 4304 ego
289 4247 348 4290 non
372 4234 461 4304 sensi,
486 4234 598 4292 nullum
621 4233 693 4290 mihi
716 4232 818 4290 vitium
842 4232 923 4290 facit.
959 4230 999 4294 H.
1016 4230 1036 4294 l.
1053 4230 1275 4309 praedicatum
1297 4231 1371 4290 facit
