3040 4758
522 259 661 300 NUMERUS
677 261 944 303 sussuxuutvoxux.
1276 271 1315 328 15

153 432 270 497 deinde
294 431 379 496 Trin.
393 431 434 510 ΙΙ,
461 439 488 513 1,
515 439 569 498 15:
594 437 722 496 celatum
744 439 900 512 indagator
923 437 964 512 (v.
981 428 1100 514 Reisig.
1124 438 1158 499 et
1180 435 1317 501 Haasius

150 529 170 594 l.
193 529 237 606 1.).
285 515 456 608 Ρεθιιᾰ.Ὶ,
489 535 520 609 1,
553 534 610 594 65;
649 535 773 595 Teneris
804 537 922 594 labellis
951 537 1055 595 molles
1086 538 1315 609 morsiunculae,

152 627 206 706 qui
230 631 282 690 est
304 626 430 691 dativus
453 628 618 692 commodi.
655 627 770 692 Pseud.
788 629 814 709 Ι,
840 636 868 696 5,
894 634 946 692 13:
971 639 1105 706 gestares
1122 635 1239 706 linguis,
1265 651 1315 690 au-

155 726 270 785 ditores
293 727 424 786 auribus.
469 724 577 788 Minus
600 723 733 789 offendit
748 725 813 791 Mil.
831 725 890 794 III.
917 732 943 804 l,
965 731 1021 790 48:
1043 747 1138 804 neque
1163 747 1217 802 ego
1241 731 1316 787 oblo-

153 827 237 883 cutor
254 842 316 884 sum
334 824 422 882 alteri
436 825 467 882 in
485 826 628 898 convivio,
646 822 793 902 quoniam
807 824 857 888 bic
878 823 971 888 etiarn
987 824 1114 886 dativus
1127 823 1316 887 incommodi

152 919 253 981 statui
283 923 400 998 potest.
446 917 517 982 Non
548 925 626 998 puto
654 919 716 984 huc
741 922 903 1002 pertinere
936 919 1063 983 Terent.
1096 919 1229 1000 Adelph.
1261 920 1315 1002 IV,

152 1021 181 1094 4,
206 1020 240 1079 9:
276 1018 402 1077 idanus
426 1020 466 1077 mi
488 1015 632 1078 indiciam
655 1018 744 1093 iecit,
773 1019 827 1082 sed
852 1018 958 1097 potius
981 1022 1010 1078 id
1034 1035 1103 1082 esse
1126 1019 1316 1082 attributum

152 1130 180 1176 v.
203 1115 357 1174 indicium.
390 1112 496 1176 Etiam
518 1134 591 1176 acas
613 1119 656 1176 cst
677 1133 748 1178 cum
771 1115 911 1178 ablativo
935 1116 1147 1194 coniunctum,
1170 1119 1207 1178 ut
1228 1119 1315 1179 recte

153 1207 230 1272 dicit
253 1209 460 1290 Lueblcerus,
484 1209 546 1274 huc
568 1211 722 1290 pertinet,
751 1216 806 1276 sed
829 1213 868 1276 de
891 1212 951 1276 hoc
974 1217 1043 1276 tum
1068 1213 1194 1275 demum
1217 1230 1315 1292 agere

152 1304 324 1385 malumus,
348 1325 419 1371 curn
442 1308 483 1370 ad
505 1308 680 1372 ablativum
702 1318 894 1390 perventum
919 1310 988 1372 erit.

665 1583 736 1658 Cap.
761 1586 799 1643 lI.

429 1711 484 1776 De
508 1731 666 1777 nuntero
690 1716 1034 1779 substantivorum.

238 1878 472 1945 Nonnullorum
509 1883 781 1947 substantivorum
818 1883 916 1963 prisci
953 1885 1127 1963 scriptores
1160 1881 1314 1962 singulari

150 1981 309 2056 utuntur,
344 1994 425 2054 quae
449 1979 534 2059 apud
563 1980 758 2058 posteriores
788 2000 851 2044 non
878 1980 1083 2045 inveniuntur
1109 1979 1169 2042 nisi
1197 1979 1314 2058 plurali

150 2091 295 2138 numero.
333 2074 412 2138 Huc
435 2076 597 2155 pertinent
620 2082 700 2139 mina
723 2079 822 2156 (Fest.
844 2097 872 2142 v.
897 2083 992 2139 mina:
1016 2081 1098 2138 Mina
1122 2082 1314 2154 singulariter

151 2175 210 2233 dici
233 2192 291 2248 pro
315 2191 351 2234 eo
374 2177 451 2249 quod
474 2177 570 2234 minae
594 2179 753 2249 pluraliter
776 2181 913 2249 dicimus,
950 2179 1099 2236 Curiatius
1124 2186 1229 2234 auctor
1258 2184 1312 2234 est.

151 2273 227 2331 Item
241 2273 284 2330 M.
302 2271 376 2331 Cato
400 2274 590 2332 insessione
603 2318 741 2335 .......
765 2277 848 2333 mina
863 2276 926 2346 copi
940 2276 1026 2333 natta
1035 2274 1140 2346 potnit.
1166 2270 1203 2334 οῖ’.
1223 2270 1312 2333 Lion.

153 2365 264 2431 Calon.
290 2383 320 2446 p.
345 2368 416 2446 81),
440 2371 548 2429 offucia
568 2368 672 2432 Plaut.
696 2369 791 2434 Most.
815 2370 844 2447 Ι,
870 2376 898 2448 3,
927 2375 998 2447 107,
1027 2373 1136 2431 delicia
1159 2367 1252 2431 Truc.
1276 2367 1315 2446 V,

154 2470 205 2530 29.
251 2463 333 2526 Rud.
357 2462 401 2543 ΙΙ,
425 2472 455 2544 4,
482 2471 520 2530 13
547 2466 710 2538 (Scheller.
734 2485 865 2547 gramm.
889 2467 943 2530 lat.
967 2485 996 2546 p.
1023 2467 1089 2546 66),
1112 2469 1193 2527 aedis
1217 2467 1314 2546 signi·

155 2560 305 2626 ficatione
326 2564 428 2624 domus
451 2562 538 2626 Asin.
555 2563 579 2640 Ι,
605 2570 633 2642 3,
658 2569 714 2628 dv:
738 2568 843 2626 itidem
867 2570 914 2626 hic
932 2567 1010 2640 apud
1034 2585 1100 2626 nos:
1124 2565 1206 2624 aedis
1229 2567 1314 2624 nobis
1403 2579 1409 2589 ·

154 2669 266 2734 areast,
292 2677 402 2735 auceps
428 2681 490 2721 sum
514 2680 578 2736 ogo.
618 2661 685 2739 (Fr.
710 2662 826 2724 Florid.
850 2663 882 2724 in
905 2662 1054 2724 Laurent.
1081 2660 1160 2723 Vall.
1190 2661 1269 2739 eleg.
1293 2660 1313 2723 l.

154 2756 220 2835 ΙΠ,
250 2774 276 2819 c.
302 2761 329 2818 1.
354 2773 384 2834 p.
409 2761 469 2821 341
501 2757 645 2834 Theod.).
691 2757 783 2822 Alter
810 2769 917 2821 autem
948 2759 1053 2833 locus,
1087 2757 1141 2834 qui
1170 2755 1314 2835 affertur,

155 2853 252 2918 Most.
276 2851 324 2931 ΙΙ,
356 2858 393 2933 2,
425 2860 480 2932 44,
511 2873 574 2918 uon
598 2857 738 2935 pertinet
761 2855 836 2933 huc,
867 2873 941 2918 nam
968 2854 1011 2917 ibi
1039 2872 1109 2918 cum
1137 2853 1254 2917 Bothio
1284 2859 1316 2917 et

156 2949 332 3016 Ritschelio
355 2952 556 3016 scribendum
580 2961 628 3018 est
651 2958 790 3031 caputale
814 2954 963 3014 factumst.

245 3049 328 3112 Huic
351 3050 543 3113 contrarium
567 3057 632 3126 cst,
656 3052 740 3130 quod
763 3049 913 3114 nonnulla
934 3049 1147 3124 substantiva,
1170 3064 1252 3126 quae
1274 3047 1315 3111 ab

157 3145 228 3210 aliis
251 3148 460 3226 scriptoribus
481 3147 637 3227 singulari
658 3167 791 3212 numero
813 3151 1041 3226 ursurpantur‚
1072 3146 1117 3206 ita
1139 3145 1244 3223 posita
1266 3162 1317 3206 re-

158 3243 343 3322 periuntur,
382 3245 477 3324 quasi
496 3253 604 3308 essent
632 3245 769 3324 pluralia
797 3250 930 3308 tantum.
974 3243 1025 3306 Sic
1049 3239 1196 3320 offendit,
1232 3242 1316 3320 quod

160 3339 240 3406 Cato
267 3341 304 3404 R.
332 3341 368 3404 R.
401 3360 426 3404 c.
453 3347 490 3404 10
519 3349 552 3404 et
583 3348 617 3406 ll
649 3348 745 3406 molae
773 3362 849 3403 unae
877 3343 971 3419 dixit,
1006 3357 1102 3419 quum
1126 3341 1212 3418 apud
1235 3339 1314 3402 alios

159 3438 336 3517 scriptores
359 3438 529 3518 singularis
552 3445 631 3502 mola
654 3443 749 3504 extet.
794 3439 885 3502 Adde
914 3442 1009 3499 lienes
1038 3437 1112 3501 ibid.
1139 3457 1163 3501 c.
1191 3443 1250 3502 157
1283 3441 1316 3499 et

161 3534 200 3597 ad
223 3533 256 3597 h.
279 3535 300 3597 l.
325 3535 560 3599 Schneiderum.

246 3631 282 3694 In
311 3633 436 3712 syntaxi
463 3632 579 3712 duplex
608 3651 684 3697 usus
710 3636 875 3714 siapalaris
900 3632 1091 3711 spectandus
1122 3635 1189 3710 est,
1224 3630 1315 3704 alter,

161 3747 232 3794 cum
255 3726 519 3808 significationem
543 3731 639 3796 habet
662 3730 873 3809 collectivam,
908 3730 1004 3808 alter,
1039 3748 1110 3796 cum
1131 3730 1163 3791 in
1186 3728 1318 3806 pluralis

158 3827 324 3892 notionem
347 3845 381 3890 se
405 3829 570 3893 convertit.

250 3931 277 3989 1.
310 3925 359 3989 Ad
383 3929 562 3990 collectivam
585 3944 675 3989 usum
700 3925 870 4006 singularis
892 3929 1038 4004 spectant
1058 3924 1138 3988 baec
1160 3923 1317 4003 exempla:

163 4021 242 4088 Cato
257 4023 293 4086 R.
316 4022 353 4086 R.
376 4041 400 4086 c.
425 4028 478 4087 16:
502 4028 644 4086 boninus
669 4027 804 4099 lapidem,
828 4029 908 4101 ligna
931 4027 968 4084 ad
992 4025 1143 4083 fornacem
1166 4054 1208 4065 -—
1230 4042 1316 4098 prae·

162 4125 221 4184 bet.
257 4120 290 4184 C.
304 4126 359 4186 35:
384 4124 499 4182 Fabam
515 4127 543 4182 iu
561 4127 634 4184 locis
651 4125 756 4184 validis
778 4143 835 4182 nou
858 4125 1039 4182 calamitosis
1061 4124 1162 4180 serito.
1197 4119 1318 4181 Eodem

165 4219 285 4300 capite:
309 4223 426 4286 viciam.
450 4224 552 4281 lentim
579 4219 668 4298 (item
693 4237 760 4298 cap.
787 4220 868 4296 116),
892 4222 1065 4296 raphanum.
1111 4213 1144 4277 C.
1167 4219 1184 4277 5
1209 4222 1241 4278 et
1263 4219 1317 4275 34:
