3004 4764
215 271 281 332 W
687 261 816 306 miton·
829 262 895 310 w.
907 263 946 305 ll,

300 440 330 500 9.
373 432 609 512 emmonem
640 435 727 516 apsi
753 450 845 515 pstss.
872 439 905 500 ie
933 436 1093 516 repetitus
1110 435 1378 513 solomonem,

214 532 300 615 quoi
328 531 392 606 inm
413 532 447 596 in
467 533 668 613 proogrsssis
695 533 836 614 positum
864 538 946 600 etet
991 532 1145 602 Sio=Osto
1167 533 1204 597 tt
1226 531 1264 600 Ro
1287 551 1316 600 o.
1343 535 1378 598 6:

213 633 274 694 uti
296 648 368 707 eger
390 648 511 692 orsum
532 637 564 692 et
577 635 677 696 lsetue
696 642 745 696 est
767 635 833 696 sine
847 633 1015 701 erboribun
1037 650 1103 697 m
1119 630 1378 706 onmfmmeu-

212 730 320 790 terium
341 745 408 790 osse
429 735 557 804 oportet.
602 726 638 792 (Ι.
660 733 716 792 46:
740 731 853 792 Losnm
882 747 969 806 quem
984 732 1135 804 *ominum
1158 736 1189 795 et
1214 730 1376 803 apertissi-

214 839 293 888 ιη
315 832 348 886 et
363 828 646 890 stereososissinum
669 830 793 903 poteris,
809 835 841 890 et
863 843 951 902 qoem
966 829 1147 889 simillimum
1161 843 1254 901 penos
1270 831 1377 889 terres

215 940 285 998 ene,
307 924 359 984 ubi
385 924 499 984 semine
527 927 679 999 positurus
700 927 776 998 eris,
800 932 831 986 et
853 927 957 987 utine
980 925 1068 987 nimis
1091 927 1178 998 longe
1201 925 1317 984 semine
1341 939 1381 982 ex
1475 961 1476 1034 1

213 1021 372 1081 semitonio
387 1019 532 1095 lemmur,
555 1039 622 1082 sess
636 1021 732 1086 locem
754 1025 867 1098 bipalio
889 1023 1008 1084 vortito.
1055 1019 1182 1086 Terent.
1197 1018 1275 1086 Hoc.
1291 1017 1377 1100 prol.

215 1118 244 1194 2,
266 1131 298 1180 v.
321 1119 361 1180 22
384 1133 444 1196 eqo
468 1121 513 1180 ite
527 1135 592 1180 eom
608 1122 760 1195 oppressit
775 1122 947 1183 eelnmitest
963 1123 1046 1182 Eoos
1059 1119 1256 1182 coementes
1272 1125 1378 1180 vostro

211 1216 421 1290 intellegentia
443 1215 574 1278 Sedebit.

300 1315 349 1376 10.
386 1310 544 1376 Neutrum
559 1312 753 1391 pronominis
767 1315 794 1374 o's
809 1329 1033 1393 nonnunquam
1048 1315 1223 1392 usurpetur
1235 1309 1375 1376 relatum

214 1407 256 1474 ed
277 1408 440 1474 notionem
461 1425 686 1489 praegressum
707 1407 790 1475 nlius
811 1410 947 1490 generis.
994 1409 1045 1476 Sic
1068 1408 1148 1472 Ceto
1168 1409 1206 1474 lt.
1222 1408 1260 1472 R.
1283 1426 1311 1472 c.
1340 1413 1375 1472 5:

216 1505 353 1570 meuse
371 1510 477 1582 penori
497 1515 529 1570 et
543 1510 682 1571 iumentis
698 1517 812 1570 cereto.
832 1508 865 1568 td
887 1526 924 1568 ex
946 1507 1024 1571 ieme
1048 1516 1079 1568 et
1101 1511 1127 1570 si
1149 1510 1284 1585 impluit,
1307 1507 1376 1566 fieri

214 1607 301 1668 solet
333 1603 425 1670 lleno
446 1603 479 1668 in
501 1621 566 1670 ren
587 1601 816 1670 Fleckeisenus
838 1621 909 1668 nov.
932 1605 1035 1669 ennol.
1060 1602 1168 1685 philol.
1188 1607 1279 1683 1860,
1296 1605 1375 1668 sect.

212 1705 288 1783 tp.
312 1703 375 1766 286
398 1718 445 1781 eq.
468 1699 564 1768 nliert
605 1699 709 1766 Plani.
732 1699 818 1766 Trin.
845 1719 874 1765 v.
897 1706 977 1782 402,
1001 1701 1057 1766 ubi
1078 1702 1274 1768 Lesbonicus
1295 1699 1377 1766 dicit

213 1817 273 1864 suo
294 1816 404 1864 servo:
432 1802 543 1866 minos.
557 1801 729 1876 quindecim
758 1801 822 1862 dies
850 1809 934 1874 sunt,
957 1819 1044 1876 quom
1067 1820 1122 1877 pro
1144 1803 1227 1863 nisos
1251 1803 1380 1862 oedibus

211 1899 311 1960 minoe
339 1899 543 1973 poodropstoto
569 1899 714 1974 oocepisti
743 1916 763 1958 s
784 1897 927 1972 calliolo,
957 1895 1041 1976 qnod
1070 1914 1168 1977 quum
1192 1915 1306 1962 servus
1329 1899 1375 1962 ito

212 2008 285 2058 esse
307 1994 450 2072 dixisset,
473 1995 652 2073 interroget
666 1992 736 2058 ille:
761 1996 832 2069 quid
847 1994 988 2056 factumst
1002 1997 1054 2057 eo?
1069 1994 1099 2058 h.
1117 2013 1143 2058 e.
1161 1994 1375 2074 qnadraginta

208 2088 313 2156 minim
328 2089 367 2156 ef.
384 2090 499 2158 Bsooh.
523 2109 552 2154 v.
572 2094 651 2154 1026
674 2105 756 2168 squ:
780 2094 819 2152 de
840 2093 912 2152 mihi
935 2095 1079 2156 ducentos
1100 2111 1236 2154 nummos
1257 2094 1373 2167 Philip·
1475 2131 1476 2138 κ

204 2205 271 2265 poe,
295 2196 327 2250 to
348 2191 491 2254 ohseoro:
515 2207 570 2265 epo
593 2191 640 2250 ius
661 2189 817 2250 intendem
840 2190 938 2252 verbis
962 2196 1117 2266 conceptis
1133 2194 1217 2265 dedi,
1234 2193 1371 2254 daturum

208 2287 243 2346 id
267 2289 426 2351 minois
449 2290 569 2351 mulieri
597 2295 667 2348 onte
694 2301 861 2362 vesperum.
910 2284 999 2352 Asin.
1023 2291 1064 2354 89
1088 2303 1148 2367 sq.:
1182 2291 1291 2363 otpioti
1313 2292 1372 2350 iem

209 2393 298 2446 esset
309 2385 371 2448 lilio
394 2387 633 2465 urgentissimis:
656 2384 721 2446 inne
736 2386 770 2445 id
783 2392 817 2446 ut
835 2392 972 2460 peretum
987 2389 1045 2446 ism
1063 2389 1128 2448 siet.
1166 2384 1267 2452 Paulo
1287 2386 1370 2452 alios

215 2482 343 2562 penoris
364 2489 417 2548 eet
434 2483 524 2549 loom
546 2482 674 2548 Terent.
718 2481 819 2548 Andr.
842 2478 898 2559 ΙΙΙ,
923 2485 952 2560 2,
974 2485 1030 2546 48:
1063 2485 1155 2545 orebo
1177 2494 1267 2560 gnoto
1295 2504 1370 2548 ooo

209 2597 287 2643 soto:
309 2582 391 2644 usi
411 2586 541 2659 inpetro,
565 2579 650 2658 qnod
673 2579 719 2644 sio
742 2582 793 2644 eet
807 2578 1064 2659 intelligendum:
1087 2579 1114 2644 si
1135 2579 1178 2660 io,
1201 2581 1288 2661 qnod
1301 2599 1368 2662 oro,

208 2679 247 2740 ut
266 2685 387 2756 gneus·
404 2695 537 2744 uxorem
550 2677 696 2757 oooipint,
719 2675 865 2755 impetro.

297 2779 345 2840 11.
391 2777 519 2852 ellipsis
533 2772 729 2854 pronominis
749 2775 785 2836 o.
828 2772 1006 2841 Pronomen
1027 2777 1299 2856 tesnepennmero
1320 2777 1370 2842 in·

213 2871 326 2952 primis
347 2873 433 2953 opud
455 2871 634 2950 relativum,
657 2869 698 2938 ed
720 2869 805 2950 quod
827 2870 977 2949 pertinet,
1001 2872 1168 2938 omittitur.
1213 2873 1265 2942 Sit
1287 2872 1368 2940 esto,

206 2968 246 3034 R.
268 2970 306 3035 R.
331 2988 357 3035 e.
383 2975 438 3037 et:
461 2973 612 3034 Hordeum
635 2973 687 3046 qni
707 2972 792 3032 loeus
816 2987 907 3032 novos
931 2973 990 3030 erit
1012 2980 1064 3031 eut
1086 2974 1136 3050 qni
1158 2975 1302 3034 restibilis
1325 3005 1366 3016 -

206 3067 274 3132 fieri
295 3073 418 3147 poterit,
448 3071 510 3134 seri
531 3075 661 3145 oportet,
683 3082 727 3130 en.
749 3068 783 3126 ito
805 3083 837 3126 eo
858 3065 926 3130 sive
944 3067 995 3130 lot
1033 3065 1114 3134 coto
1128 3066 1160 3132 in
1183 3067 1219 3134 ll.
1234 3067 1366 3134 Furium

206 3163 248 3228 de
278 3183 361 3246 eque
386 3184 436 3247 ep.
467 3164 554 3230 Serv.
584 3163 624 3228 ed
654 3161 744 3243 Virg.
774 3165 853 3228 Aen.
876 3161 939 3242 IV,
970 3169 1049 3231 uls:
1080 3167 1166 3240 Quod
1188 3169 1298 3230 attinet
1329 3168 1366 3228 od

204 3266 390 3329 euliuetnres
410 3267 553 3338 eererioe,
577 3265 626 3326 oui
647 3281 721 3330 oure
742 3263 940 3338 veotipelintn,
962 3265 1104 3340 resignet,
1128 3283 1154 3328 v.
1169 3261 1312 3330 Bolnuts.
1334 3281 1363 3342 p.

207 3363 287 3440 129,
310 3373 352 3422 -4
372 3359 474 3426 isoui
496 3377 573 3424 oure
594 3358 812 3440 vectigalium·
825 3363 882 3429 est¹
897 3358 916 3425 i.
940 3373 967 3424 e.
993 3375 1134 3428 nenton,
1159 3357 1213 3424 Or.
1240 3377 1299 3441 pro
1328 3361 1363 3426 L.

206 3455 307 3524 'flurin
329 3475 383 3541 ep,
403 3457 534 3526 london.
559 3460 617 3537 62,
650 3461 706 3522 10:
733 3460 833 3534 potius
861 3464 981 3534 oportet
1013 3459 1116 3532 credi,
1142 3459 1219 3522 unde
1240 3462 1367 3534 potitor.

206 3553 316 3622 Post„
342 3556 455 3638 Amph.
481 3553 562 3637 prol.
591 3573 618 3621 v.
656 3558 731 3620 132:
766 3556 863 3621 (iubet
889 3558 1069 3630 conplexus,
1099 3559 1207 3633 ‚quoius
1241 3560 1363 3634 cupiens

208 3662 387 3730 amnesi,
410 3653 509 3722 unito.
533 3651 665 3724 Tuubm·
688 3651 776 3722 Petu.
800 3650 834 3715 ΙΙ
842 3701 854 3731 ,,
875 3657 902 3732 1,
928 3656 981 3721 itt:
1006 3656 1200 3724 mustuosis
1225 3653 1367 3732 (sniis),

207 3771 283 3830 quoe
306 3759 375 3816 suot
395 3754 545 3827 monete,
561 3752 702 3817 onorsto.
748 3754 801 3817 As,
824 3747 887 3828 ul,
910 3753 939 3828 3,
963 3754 1017 3815 et:
1038 3754 1187 3816 Patronus
1208 3754 1262 3828 qui
1281 3753 1366 3818 vobis

205 3849 264 3912 init
287 3850 422 3925 tutunus,
444 3851 626 3926 panormus.
670 3847 756 3914 Trin.
777 3845 830 3926 H„
853 3852 891 3922 4,
907 3851 975 3918 pp:
1000 3849 1092 3918 Peter
1116 3865 1206 3924 ¹‹pnom
1235 3866 1365 3925 peregre

205 3950 321 4022 ueniet,
344 3951 375 4012 in
397 3955 515 4024 potest
537 3952 634 4022 loeus,
656 3944 698 4013 ed
721 3959 750 4026 q.
773 3944 794 4010 Ι.
818 3941 962 4011 Gronov:
985 3943 1102 4023 „Lucri
1123 3941 1160 4010 fit
1186 3961 1360 4024 pronomen

204 4045 247 4120 tt,
265 4047 303 4108 ut
323 4043 356 4108 in
376 4043 440 4118 illo,
464 4047 578 4112 Urbem
598 4061 685 4122 onon
708 4050 817 4116 steno.
830 4049 939 4112 resno
951 4053 1002 4110 est
1024 4041 1215 4110 sunsooitor
1236 4061 1281 4111 so
1324 4041 1365 4111 Iu

203 4140 316 4222 Amph.
341 4141 409 4221 llll,
435 4148 469 4222 1,,
490 4142 522 4219 l]
543 4147 725 4212 Naucratem
747 4156 834 4219 onem
854 4143 1017 4210 eonvenite
1046 4143 1126 4202 volui
1152 4143 1184 4203 in
1213 4143 1283 4205 nevi
1302 4157 1364 4208 non

203 4245 280 4318 eret,
302 4239 456 4308 reticetur
477 4243 515 4304 to.
557 4239 660 4306 Reote
679 4253 759 4320 ergo
774 4235 1018 4307 emerissus
1039 4233 1105 4305 lllltt
1126 4253 1224 4306 muse
1244 4236 1364 4316 contet
