3004 4764
507 252 548 292 111.
575 215 735 294 00000000
750 252 925 292 autumnum.
1243 255 1304 316 375

151 436 184 492 tu
207 427 280 506 [me]
303 430 417 490 iussisti
439 429 545 490 omnia.
589 423 705 490 Bacch.
728 425 784 502 IV,
809 431 838 506 9,
863 430 918 490 24:
951 429 982 488 Ιο
1003 426 1148 486 Helenam
1170 425 1302 505 abduxit,

150 529 240 604 quoia
264 545 369 588 caussa
390 543 468 586 nunc
491 525 569 586 facio
591 526 737 600 opsidium
759 528 822 588 Ilio.
867 523 949 588 Rud.
972 520 1032 601 ΠΙ,
1055 524 1085 597 4,
1108 525 1159 585 40.
1189 520 1304 586 Pseud.

151 622 177 703 1,
201 628 231 704 2,
253 628 307 688 20:
331 625 396 684 Huc
420 623 558 686 adhibete
583 624 662 684 auris
686 640 761 698 qnae
784 641 844 711 ego
861 627 977 699 loquar.
1021 619 1106 684 Men.
1129 617 1168 698 V,
1197 623 1225 697 5,
1252 623 1305 682 11:

151 724 249 784 Audin
272 737 346 798 quae
369 721 520 795 loquitur?
564 716 655 783 Cure.
671 717 697 798 I,
716 723 743 799 1,
761 722 815 784 55:
837 723 864 782 Ε
887 738 962 782 0000
986 721 1142 778 nuculeum
1165 720 1305 793 quiesse

151 822 223 893 1011,
246 819 357 893 frange
379 836 491 880 nucem.
536 815 613 881 cist.
629 814 654 895 I,
679 821 707 896 3,
731 821 785 882 36:
809 820 893 895 siqua
915 824 1004 894 queat
1026 817 1171 890 Reperire
1197 811 1305 894 (eam),

152 935 228 994 quae
252 917 415 978 sustulerit.
460 913 554 978 Poen.
578 913 633 988 IV,
661 918 690 994 2,
717 917 791 978 106:
826 918 955 977 Remora
982 916 1008 975 si
1035 915 1089 986 sit,
1117 914 1169 987 001
1197 915 1305 972 malam

153 1033 216 1076 rem
238 1015 310 1074 mihi
333 1014 392 1090 det,
415 1015 521 1074 merito
543 1011 660 1074 fecerit.
697 1010 785 1076 Pers.
808 1011 833 1090 I,
857 1017 886 1092 2,
911 1017 964 1076 24:
986 1013 1044 1074 Ubi
1068 1013 1128 1072 sint
1148 1011 1304 1086 magistra·

152 1119 210 1186 tus,
233 1131 306 1188 quos
332 1128 437 1171 curare
458 1111 616 1186 oporteat?
651 1109 732 1174 Rud.
755 1108 814 1190 III,
840 1116 867 1190 1,
890 1116 924 1175 4:
948 1112 1037 1172 Velut
1060 1126 1114 1184 ego
1137 1109 1193 1169 hac
1216 1113 1304 1168 noete

154 1211 229 1288 quae
251 1211 401 1286 processit
421 1227 567 1284 proxuma
588 1209 698 1268 Mirum
724 1240 768 1252 —
795 1210 939 1270 somniavi
966 1209 1118 1271 somnium.
1162 1202 1258 1268 Stich.
1278 1201 1306 1284 Ι,

156 1312 182 1385 1,
205 1312 240 1372 4:
276 1309 330 1368 viri
352 1338 394 1350 —-
418 1308 547 1381 Quorum
570 1307 688 1383 quidem
711 1325 765 1368 nos
788 1309 914 1383 negotiis
937 1311 1106 1382 apsentum,
1134 1305 1178 1363 ita
1199 1310 1232 1363 ut
1254 1320 1303 1362 ae-

152 1413 279 1483 quomst,
304 1405 456 1466 Sollicitae
479 1406 576 1465 noetis
599 1409 630 1462 et
652 1405 725 1478 dies,
750 1423 843 1479 soror,
867 1423 964 1466 sumus
988 1420 1114 1478 semper.
1137 1398 1228 1478 Epid.
1244 1397 1305 1478 ΙΙΙ,

152 1508 183 1582 4,
208 1507 263 1567 20:
297 1508 331 1562 01
352 1502 429 1576 quoa
451 1502 487 1562 ad
510 1511 539 1560 te
562 1504 648 1563 venio
676 1504 835 1577 intelligas.
881 1499 966 1563 Men.
988 1500 1044 1576 IV,
1068 1503 1096 1574 2,
1120 1500 1174 1562 38:
1210 1495 1303 1558 Satin’

154 1603 239 1663 audis
262 1619 336 1676 quae
361 1601 423 1660 illic
445 1599 597 1676 loquitur?
641 1597 706 1661 Mil.
729 1597 785 1676 IV,
808 1602 837 1676 6,
861 1604 893 1663 7:
926 1603 1025 1662 Audin
1054 1615 1128 1675 quae
1151 1594 1304 1671 loquitur?

151 1698 235 1762 Men.
251 1697 306 1776 IV,
323 1701 351 1776 2,
368 1700 422 1760 72;
445 1715 503 1758 000
526 1698 597 1756 mihi
620 1699 762 1758 censebas
785 1715 860 1772 esse,
883 1700 934 1770 001
956 1694 1054 1775 (Abl.)
1077 1703 1109 1756 te
1131 1696 1302 1756 ulciscerer.

153 1794 220 1859 Mil.
243 1793 285 1870 ΙΙ,
310 1799 339 1874 2,
364 1799 419 1859 79;
451 1797 491 1855 At
513 1801 545 1854 10
567 1797 688 1872 inparti,
711 1797 821 1868 amice,
845 1813 890 1855 me
915 1795 969 1869 (sc.
992 1791 1043 1872 eo)
1067 1793 1144 1869 quod
1165 1808 1303 1851 conmen-

153 1893 220 1956 tu's.
264 1890 360 1956 Poen.
384 1890 438 1965 IV,
464 1895 492 1969 2,
517 1894 571 1954 321
606 1893 675 1967 quid
703 1893 855 1968 estquod
883 1891 1019 1954 metuas?
1063 1887 1176 1954 Pseud.
1199 1886 1242 1966 II,
1274 1889 1304 1966 2,

152 1996 207 2054 44:
240 1994 281 2054 Ut
303 1992 333 2050 id
356 2007 440 2066 agam
463 1992 540 2066 quod
563 1993 668 2052 missus
691 1991 748 2050 huc
772 2008 835 2050 sum
857 1990 919 2049 -1
962 1987 1034 2052 Aul.
1057 1986 1113 2063 IV,
1137 1990 1166 2065 8,
1192 1990 1223 2049 1;
1255 1987 1303 2046 Ρ1-

153 2092 195 2150 cis
212 2090 333 2166 divitiis,
357 2090 406 2164 qni
422 2107 527 2150 aureos
544 2091 653 2160 colunt,
669 2089 734 2163 Ego
750 2092 830 2148 solus
847 2105 953 2163 supero
970 2085 1026 2158 (sic
1038 2083 1130 2149 Both.
1148 2086 1181 2147 et
1192 2080 1305 2163 Goell,

153 2190 190 2250 ut
212 2187 292 2246 Picis
315 2184 357 2249 sit
376 2203 441 2250 acc.
466 2183 706 2259 0001101οΡ10).
751 2184 823 2249 Aul.
846 2183 901 2263 IV,
924 2188 951 2264 1,
976 2189 1008 2248 9:
1033 2186 1126 2259 Quasi
1146 2201 1230 2258 puer,
1254 2184 1305 2258 qui

153 2303 225 2346 nare
250 2286 353 2358 discit,
378 2285 495 2359 scirpea
518 2286 650 2344 induitur
672 2286 740 2347 rati.
784 2281 870 2345 Asin.
894 2281 918 2360 I,
942 2287 972 2361 3,
994 2285 1049 2345 65:
1078 2283 1239 2342 Necessest
1260 2281 1303 2340 ia-

154 2399 224 2442 cere
250 2391 396 2456 sumptum
418 2384 468 2458 qui
491 2383 607 2456 quaerit
630 2383 753 2442 lucrum.
799 2378 894 2444 Stich.
918 2378 960 2458 ΙΙ,
984 2383 1014 2457 2,
1039 2381 1092 2442 38:
1126 2381 1186 2438 Res
1209 2379 1304 2439 omnis

155 2479 277 2538 relictas
300 2479 395 2536 habeo
417 2496 489 2551 prae
514 2480 592 2552 quod
613 2484 645 2537 tn
666 2480 749 2541 velis.
778 2477 850 2541 Aul.
871 2475 932 2557 ΙΙΙ,
956 2479 984 2554 2,
1008 2480 1062 2538 211
1086 2476 1224 2551 quidest
1247 2492 1305 2550 qua

155 2575 295 2650 prohibes
318 2592 395 2634 nunc
418 2577 588 2648 gratianos
612 2593 739 2652 coquere
762 2578 810 2637 bic
833 2575 974 2637 coenam?
1019 2571 1109 2652 Oapt.
1125 2570 1169 2650 Π,
1192 2575 1221 2648 2,
1243 2573 1300 2634 63:

155 2674 212 2732 Est
233 2670 369 2746 profecto
392 2672 474 2745 deus,
499 2674 549 2749 qni
572 2690 647 2748 quae
670 2692 724 2735 nos
740 2677 868 2749 gerimus
884 2675 1023 2749 auditque
1040 2679 1071 2732 et
1086 2672 1175 2732 videt.
1208 2668 1301 2734 Truc.

155 2767 192 2846 V,
215 2785 242 2830 v.
268 2771 324 2830 62:
358 2771 453 2842 Ubist,
478 2770 554 2845 quod
577 2777 610 2831 tu
634 2771 708 2832 das?
752 2769 865 2850 Amph.
889 2768 914 2846 Ι,
939 2775 967 2849 3,
990 2773 1044 2834 33:
1078 2771 1205 2830 Ecastor
1232 2786 1302 2828 con-

157 2868 274 2942 dignum
297 2868 417 2940 donum,
453 2870 563 2943 qualist
592 2870 641 2944 qni
669 2869 776 2929 donum
804 2870 893 2932 dedit.
939 2866 1065 2932 Terent.
1095 2864 1175 2928 Eun.
1203 2863 1245 2942 H,
1274 2868 1303 2943 2,

161 2964 211 3024 11ῑ
234 2971 281 3025 001
295 2983 386 3040 genus
402 2953 560 3042 hominum,
583 2968 719 3040 quiesse
739 2971 851 3043 primos
874 2983 905 3028 se
927 2970 1054 3027 omnium
1076 2982 1173 3025 rerum
1189 2965 1301 3024 volunt.

158 3057 235 3126 Eum
258 3059 284 3141 Ι,
307 3067 336 3140 2,
360 3066 413 3125 39:
438 3083 504 3124 eum
525 3067 586 3138 illo,
609 3083 734 3141 quocum
757 3072 818 3125 tum
839 3083 897 3126 uno
919 3081 982 3124 rem
1004 3064 1158 3123 habebam.
1185 3059 1302 3124 Heaut.

159 3154 198 3233 V,
217 3163 244 3238 l,
267 3163 322 3223 4οῑ
346 3179 557 3238 quemquamne
580 3169 641 3222 tam
664 3165 739 3222 comi
762 3163 858 3222 animo
882 3179 948 3222 esse
972 3166 1023 3222 aut
1044 3162 1105 3220 leni
1124 3164 1221 3234 putas,
1246 3158 1304 3231 Qui

158 3273 191 3316 00
215 3261 327 3318 0110010
352 3262 474 3320 amicam
497 3262 631 3334 patiatur
654 3259 756 3320 suam?
800 3256 896 3320 Andr.
920 3256 946 3337 I,
971 3261 998 3334 1,
1023 3260 1099 3320 113:
1131 3257 1212 3330 Quae
1236 3271 1302 3316 sese

159 3356 190 3413 in
219 3356 310 3428 iguem
340 3359 453 3416 inicere
477 3359 587 3431 101011,
621 3358 768 3432 prohibui.
814 3355 909 3418 Andr.
932 3353 958 3433 I,
986 3359 1015 3432 5,
1043 3358 1098 3418 38:
1134 3372 1220 3430 quum
1248 3369 1303 3430 ego

163 3453 260 3512 animo
278 3457 395 3530 egregie
420 3472 519 3514 earam
541 3473 596 3529 pro
620 3472 709 3515 uxore
733 3455 894 3515 habuerim.
938 3451 1063 3516 Phorm.
1085 3452 1111 3530 I,
1135 3456 1164 3529 3,
1191 3459 1220 3514 l:
1252 3453 1303 3528 qui

158 3550 232 3608 mihi
255 3556 414 3613 consultum
436 3560 555 3626 optume
578 3555 650 3612 10111
673 3570 748 3614 esse.
793 3549 851 3614 Ad.
867 3549 908 3627 ΙΙ,
932 3556 959 3629 1,
979 3556 1035 3614 43:
1058 3554 1187 3612 Minume
1211 3553 1304 3610 miror

162 3648 213 3721 qui
234 3648 358 3710 insarire
382 3652 533 3724 occipiunt
553 3667 588 3708 ex
610 3652 727 3712 iniuria.
772 3647 870 3712 Andr.
886 3648 912 3728 Ι,
936 3654 963 3727 1,
980 3654 1034 3713 77:
1057 3653 1164 3711 Ferme
1187 3652 1216 3710 in
1239 3649 1301 3708 die-

161 3743 215 3803 bus
237 3760 349 3824 paucs,
385 3748 489 3823 quibus
512 3748 586 3808 haec
609 3755 676 3808 aeta
699 3756 781 3822 suut,
810 3748 931 3823 Chrysis
954 3749 1051 3809 vicina
1073 3749 1146 3808 baec
1168 3749 1302 3808 moritur.

162 3839 259 3903 Andr.
282 3843 353 3917 pro..
376 3862 403 3907 v.
429 3847 483 3908 20:
508 3847 637 3918 Quorum
660 3847 803 3905 aemulari
826 3852 949 3921 exoptat
970 3848 1195 3924 neglegentiam.
1225 3843 1302 3909 Hec.

158 3936 216 4015 IV,
243 3941 270 4015 l,
293 3940 347 3999 32:
372 3945 477 4003 Adeon
498 3960 545 4002 me
568 3959 634 4003 0000
656 3944 842 4018 pervicacem
866 3961 984 4022 censes,
1017 3947 1084 4018 quoi
1111 3950 1207 4004 mater
1229 3945 1304 4003 siem
1343 3946 1344 3955 ’

162 4036 237 4098 0011.
262 4031 385 4111 Adelph
410 4038 489 4118 prol.
505 4056 534 4102 v,
551 4044 587 4102 3:
611 4042 728 4114 Rupere
752 4041 783 4100 in
805 4043 938 4115 peiorem
960 4048 1076 4116 partem
1099 4059 1185 4117 quam
1206 4043 1303 4102 acturi

162 4149 276 4204 snmus,
299 4145 340 4192 sc.
363 4125 503 4200 fabulam.
548 4133 674 4200 Phorm.
698 4134 753 4212 IV,
778 4141 807 4215 3,
831 4142 867 4202 7:
906 4139 941 4200 de
969 4140 1139 4214 Antiphone
1170 4140 1301 4200 audistin

159 4226 360 4310 quaefacta?
404 4225 520 4312 1001,
544 4237 572 4312 2,
597 4236 653 4297 22:
686 4235 746 4295 Sed
768 4236 915 4309 quidhoc
938 4238 1082 4313 negotist,
1116 4239 1202 4298 modo
1224 4237 1303 4309 qaod
