3064 4754
237 270 299 330 ¹9⁶
676 254 833 298 ΙΠΒΜἎΜ.
853 253 917 296 (M.
927 251 971 294 111.

232 451 400 514 promta
419 437 476 495 auc
498 427 593 496 Ennii
613 427 718 496 annai.
739 428 800 495 ine.
822 427 909 496 sedis
929 425 1043 512 fragm.
1066 429 1123 492 67:
1146 425 1266 488 secudu
1287 440 1397 490 murus.

235 533 339 600 Plaut.
361 527 477 596 Pseud
499 525 526 607 Ι,
551 531 580 607 3,
603 531 663 592 4³:
685 531 728 592 Et
746 529 834 590 idat
855 530 910 590 tor
931 527 1011 606 qnod
1036 534 1067 588 ta
1089 539 1264 588 mvommns
1286 541 1398 600 qureso

238 633 368 693 animum
399 629 531 688 adrem
574 621 689 690 Pseud
725 621 752 703 Ι,
775 625 805 704 2,
828 627 869 690 22
897 627 1039 689 1111111111
1064 630 1098 688 et
1123 619 1213 686 Pers.
1248 617 1275 698 1,
1305 623 1334 698 1,
1359 624 1398 686 13

237 729 355 791 αάεωνε
377 723 579 790 coniunctum
601 725 652 788 est
672 737 744 788 oum
766 721 956 788 accusativo.
988 721 1142 786 Fortasse
1162 717 1260 782 etiam
1274 719 1398 780 iniicere

236 825 365 900 cliuum
385 839 507 886 mutam
526 823 617 886 recta
638 835 675 885 se
697 817 796 885 habet
823 819 911 884 Pars.
934 817 961 899 Ι,
984 823 1014 898 2,
1038 821 1088 898 18,
1111 816 1139 882 si
1161 833 1233 882 cum
1255 815 1399 898 Bcrgkio

236 917 350 985 Philet
376 917 506 999 leoli,
532 921 628 998 poe
660 916 836 984 retinemus
868 915 942 982 leot.
971 913 1136 998 vulgatam
1163 918 1198 979 et
1225 913 1315 980 codd.
1344 911 1398 978 fir·

235 1021 370 1083 matum:
392 1017 453 1082 nti
474 1013 690 1094 quadruplatur
709 1017 876 1092 paeruptum
897 1017 1003 1078 inlexit
1016 1032 1145 1091 menum,
1166 1027 1225 1091 pro
1245 1027 1309 1092 qno
1325 1011 1397 1076 Aci·

237 1113 324 1179 dalio
349 1115 527 1194 praeeunte
552 1109 746 1178 thschellns
776 1110 938 1178 scribebat
962 1113 1122 1187 quomo.
1165 1107 1262 1174 Tunc.
1284 1107 1342 1188 IV,
1367 1113 1396 1187 2,

237 1216 295 1276 49:
317 1215 390 1274 Post
410 1212 442 1271 ld
464 1228 519 1286 ego
541 1227 660 1272 manum
682 1216 709 1272 te
728 1209 864 1272 micton
885 1213 1053 1288 quadrupli.
1089 1206 1180 1288 Ccpt
1207 1205 1267 1285 ΠΙ,
1288 1213 1320 1284 4,
1346 1209 1397 1269 16:

237 1309 285 1370 Na
305 1315 340 1371 tu
361 1308 439 1386 quud
460 1309 530 1370 istic
551 1307 704 1370 intulatur
724 1310 811 1370 uam
829 1309 964 1372 moritus
983 1313 1059 1371 taus.
1081 1303 1177 1370 Most.
1194 1301 1300 1384 111‚2,
1319 1307 1397 1368 157:

237 1407 316 1484 Eho,
338 1409 437 1485 istum
466 1423 570 1484 puero,
598 1405 781 1468 utrm
800 1409 889 1468 tusce
909 1407 992 1468 aedis
1013 1413 1045 1467 et
1065 1404 1226 1466 macuta.
1271 1400 1398 1466 Terent.

237 1503 336 1569 Andr.
359 1499 535 1583 111‚a‚4o:
559 1503 591 1564 81
612 1504 657 1565 ita
677 1505 756 1565 istnc
778 1505 912 1565 uotam
931 1503 1053 1564 iuducet
1067 1519 1134 1563 esse
1155 1503 1240 1576 utile,
1254 1527 1299 1550 =
1313 1498 1399 1580 apud

237 1599 378 1666 sumum
409 1597 613 1665 constituisti.
659 1597 787 1666 Phorut
817 1599 862 1679 V,
891 1604 926 1680 9,
953 1603 1009 1664 37:
1053 1599 1210 1673 Betucius
1245 1599 1398 1660 Chremeti

238 1701 345 1777 qulbus
365 1705 413 1760 est
434 1697 618 1760 commodum
639 1697 693 1766 irc,
715 1715 763 1760 cnr
783 1705 901 1776 tempus
919 1706 975 1761 est

322 1799 375 1862 44.
416 1794 615 1859 Amasim
635 1797 933 1871 eompruepoattione
954 1794 1000 1855 ad
1019 1795 1197 1859 conmortuos.
1221 1791 1266 1856 Ἰ.
1297 1799 1325 1858 1.
1347 1793 1400 1856 At
1455 1805 1456 1808 ’

230 1891 434 1974 praepositio
462 1891 600 1971 primum
628 1889 734 1955 locum
759 1891 926 1972 describit,
965 1908 1029 1972 quo
1062 1895 1169 1955 motus
1197 1889 1326 1971 quidam
1352 1891 1398 1956 ita

238 1985 361 2070 pergit,
397 1991 436 2052 ut
463 1986 519 2053 ubi
545 1986 587 2051 ad
608 1983 688 2052 fines
711 1987 779 2054 eius
813 1989 999 2070 pervenerit
1023 1985 1155 2053 finiatur
1181 2005 1286 2068 neque
1312 1989 1397 2054 intro

239 2083 476 2167 progrediatur.
505 2083 629 2165 (Verba
650 2089 725 2150 sunt
746 2083 919 2153 Schaefferi
938 2088 979 2153 de
1001 2105 1063 2152 uso
1083 2089 1194 2168 prdep.
1217 2085 1344 2153 Terent.
1365 2104 1396 2169 p.

242 2187 303 2258 19).
348 2181 440 2248 Haec
461 2177 651 2263 significatio
673 2186 781 2248 anum
802 2189 909 2250 motus
936 2184 978 2251 ad
999 2185 1103 2250 locum
1127 2183 1312 2265 saepissime
1335 2201 1397 2250 non

238 2297 327 2361 uera,
349 2277 405 2348 sed
427 2277 644 2361 metaphorice
665 2277 851 2360 accipianda
865 2287 923 2348 est
946 2282 1014 2347 liv.
1031 2280 1200 2346 Andronis.
1220 2279 1259 2345 fr.
1272 2281 1394 2347 Inonis:

238 2381 351 2458 Derige
374 2381 568 2456 odorisequos
587 2379 628 2440 od
648 2384 730 2442 ceno
750 2383 862 2444 motta
883 2399 982 2444 canes.
1012 2379 1154 2443 Naevius
1182 2377 1256 2444 bell.
1277 2377 1356 2443 Pun.
1376 2378 1396 2456 l,

238 2475 342 2556 11‚tr.
365 2481 399 2540 2:
436 2479 603 2553 Manesque
625 2494 726 2538 susum
749 2480 789 2540 oct
810 2480 923 2542 cocum
951 2479 1072 2543 sustulit
1099 2494 1168 2538 suas
1195 2493 1258 2539 rex.
1291 2473 1313 2540 l.
1336 2475 1394 2554 111,

236 2572 276 2638 11.
298 2579 334 2636 4:
356 2591 423 2636 cum
445 2583 549 2654 stupro
571 2575 672 2638 redire
695 2577 737 2638 ud
755 2595 825 2640 aooe
839 2579 1004 2654 propatoris.
1041 2573 1176 2656 Lycurg.
1203 2571 1242 2637 11.
1269 2577 1321 2640 19:
1357 2576 1396 2636 ud

238 2675 362 2734 morteto
383 2681 492 2736 meant.
516 2669 692 2738 Tarentilla
712 2671 752 2738 11.
777 2678 826 2754 12,
850 2689 879 2738 v.
901 2677 956 2738 92:
979 2675 1020 2736 ud
1040 2674 1179 2736 caraem
1199 2680 1234 2733 ut
1256 2673 1396 2736 redeatis.

241 2766 306 2834 Ine.
329 2785 409 2834 com.
430 2766 469 2833 11.
493 2773 528 2832 2:
551 2771 691 2835 Dictator
712 2803 751 2816 -
774 2773 950 2848 pervehitur
971 2790 1064 2848 usque
1088 2771 1126 2832 ed
1147 2769 1294 2845 oppidum.
1318 2767 1397 2834 Cato

236 2865 276 2930 R.
299 2863 338 2929 R.
361 2881 387 2953 c.
411 2869 446 2929 3:
468 2867 520 2928 nbi
542 2877 626 2930 aetas
648 2871 778 2930 accessit
800 2867 841 2929 ud
861 2887 954 2932 atowe
973 2868 1124 2931 XXXVI.
1148 2863 1181 2930 G.
1201 2869 1259 2932 38:
1283 2869 1397 2930 Ventus

239 2963 281 3024 ad
296 2962 513 3039 praeferratum
535 2972 640 3028 caveto
662 2983 700 3029 na
723 2967 856 3028 accedat.
881 2963 914 3029 C.
938 2969 969 3030 5:
993 2967 1033 3026 ud
1054 2981 1174 3027 coenum
1195 2981 1233 3024 ne
1256 2982 1315 3040 quo
1338 2973 1395 3028 eet.

241 3057 278 3123 Ο.
302 3065 341 3124 7:
376 3079 412 3123 ao
434 3063 539 3122 lotium
562 3065 680 3126 suillum
704 3072 758 3125 aut
780 3071 896 3126 stercus
919 3065 960 3124 ud
979 3064 1111 3124 redicem
1133 3063 1244 3123 addere
1267 3070 1396 3138 oportet.

239 3151 274 3222 G.
290 3160 344 3222 18:
369 3160 492 3222 arbores
515 3159 555 3220 ad
575 3159 704 3236 stipitem
717 3162 845 3236 primum
868 3163 1009 3224 directos.
1032 3157 1128 3222 Ennii
1140 3155 1221 3238 frag.
1237 3157 1298 3222 inc.
1315 3161 1396 3238 trag.

241 3256 291 3332 15,
314 3271 343 3318 v.
365 3256 444 3318 433:
464 3255 516 3316 Ad
537 3275 603 3319 eum
624 3257 787 3322 edituvere.
810 3255 906 3322 Ennii
928 3253 1061 3321 Achillis
1090 3252 1128 3319 fr.
1152 3258 1186 3318 8:
1209 3256 1250 3316 ud
1269 3273 1322 3318 ooe
1343 3257 1396 3317 ad·
1456 3258 1462 3268 '

239 3351 374 3414 venians.
418 3347 513 3416 Ennii
535 3349 631 3417 annal
652 3352 673 3417 l.
696 3351 768 3434 VH,
802 3351 840 3418 11.
863 3358 899 3418 8:
936 3353 1073 3416 referunt
1093 3351 1134 3414 od
1150 3357 1272 3428 pacem
1293 3359 1395 3414 tonsas

243 3445 301 3524 (-
320 3462 426 3512 ramos
447 3447 566 3516 Festus
587 3468 620 3531 p.
642 3453 704 3515 356
727 3447 796 3528 Μ.).
817 3449 914 3516 Ennii
935 3448 1039 3514 annal.
1062 3448 1082 3513 1.
1105 3449 1131 3528 Ι,
1154 3446 1191 3512 11.
1216 3453 1267 3529 34,
1290 3467 1319 3514 v.
1342 3451 1395 3512 50:

172 3582 174 3586 .
242 3544 425 3621 Quamquam
446 3550 541 3608 multa
566 3565 671 3610 manus
698 3549 739 3610 ud
767 3551 845 3610 caeli
871 3549 993 3610 caerulo
1022 3547 1131 3622 crupta
1156 3547 1327 3608 Tendebam
1354 3549 1397 3608 la·

241 3657 389 3704 cremans.
411 3638 451 3704 11.
475 3647 525 3722 57,
569 3661 598 3707 ν.
622 3647 680 3709 881
716 3663 818 3708 omnes
840 3648 920 3709 uvidi
943 3651 1082 3721 spectant
1103 3643 1143 3707 ud
1164 3645 1296 3706 carceris
1318 3661 1397 3708 oros.
1500 3693 1501 3704 ,

238 3733 354 3801 Ausul.
376 3733 416 3801 fr.
438 3737 499 3804 inu.
522 3736 607 3804 suuis
630 3743 689 3806 oo:
728 3744 767 3805 au
789 3744 915 3806 casuum.
951 3739 1015 3808 Ine.
1039 3739 1125 3806 sedis
1145 3735 1258 3819 fragm
1282 3743 1339 3804 oa:
1363 3743 1397 3802 In
1500 3711 1501 3788 Ψ

237 3841 356 3897 montes
378 3837 494 3912 patrios
516 3842 547 3898 et
568 3837 608 3899 od
628 3839 811 3902 mammo
832 3844 944 3904 austu
981 3835 1020 3903 11.
1046 3841 1123 3904 138:
1157 3839 1275 3900 Massili
1295 3845 1397 3914 porta·

238 3931 313 3994 bant
331 3933 454 3994 iuuenes
477 3933 518 3994 ud
537 3935 627 3999 litora
648 3944 745 4000 tanes.
787 3933 882 4000 Ennii
905 3932 1114 4014 Cresphontis
1133 3931 1173 3997 11.
1196 3937 1233 3997 t:
1262 3941 1335 3996 eunt
1356 3935 1396 3996 ud
1500 3973 1501 3984 κ

239 4029 361 4101 sonum,
393 4027 528 4094 Medeae
551 4029 652 4097 exulis
672 4029 711 4096 11.
739 4037 765 4112 1,
788 4049 817 4096 v,
841 4035 918 4096 281:
940 4033 1109 4095 accedisset
1131 4033 1257 4107 abiegna
1279 4031 1320 4091 ud
1339 4037 1395 4092 ter·
1500 4025 1501 4094 l

238 4141 307 4184 rum
328 4128 439 4191 trabes.
472 4124 509 4190 11.
534 4131 589 4192 lo:
620 4131 699 4206 qnod
721 4133 780 4191 iter
803 4130 944 4206 incipiam
966 4129 1104 4206 ingredi?
1146 4129 1274 4191 Domum
1295 4135 1397 4204 pster-

240 4239 346 4282 namne
377 4241 452 4284 anne
485 4223 527 4284 od
550 4225 652 4287 Peliae
682 4224 784 4299 fidas?
828 4223 1009 4290 Telamonis
1037 4222 1080 4328 fr.¹
1105 4229 1138 4302 3,
1182 4239 1211 4288 u.
1241 4225 1318 4288 362:
1359 4224 1398 4287 od
