3040 4758
471 279 560 318 ossus
576 279 844 320 sunsrunrrronuu.
860 301 883 309 -
898 281 1000 322 untur.
1270 288 1309 344 45

150 471 198 512 me
215 451 261 512 fus
278 461 326 512 est
342 455 463 528 orare⁹)
480 457 569 514 etiarn
587 472 640 528 ops
655 459 689 524 te,
711 465 807 532 puter.
854 453 939 518 Trin.
956 453 997 531 ΙΙ,
1022 456 1050 530 2,
1073 458 1130 518 44;
1154 472 1203 516 res
1220 473 1309 530 quae·

151 552 251 609 damst
273 568 361 624 quum
385 554 452 612 volo
469 554 533 628 Ego
556 571 602 612 me
626 569 680 626 aps
703 557 728 612 te
752 571 887 614 exorare.
921 547 1036 614 Bacch.
1052 549 1089 630 V,
1114 556 1142 629 2,
1167 555 1222 616 51:
1247 555 1309 612 sine

150 665 198 708 me
223 649 280 707 hoc
305 666 430 708 exorare
454 667 509 722 ops
532 653 566 707 te.
610 648 689 712 lbid.
712 667 741 711 v.
766 653 819 712 58:
854 652 918 724 Ego
947 650 1064 722 quidem
1088 650 1125 708 55
1148 651 1202 709 hoo
1228 661 1309 708 certe

151 746 291 804 exorabo.
338 741 377 808 cf.
398 743 463 807 Mil.
480 744 534 823 IV,
558 749 587 823 2,
611 749 667 809 8οῑ
692 750 814 822 sistique
839 763 963 806 exorare
986 766 1022 806 eu
1045 752 1078 808 tc.
1124 744 1208 808 Men.
1233 745 1257 822 1,
1282 753 1310 824 2,

157 845 208 906 18:
245 843 342 917 iurgio
366 844 468 904 hercle
492 863 613 904 uxorem
642 845 760 904 tandem
784 846 870 920 abegi
899 846 936 903 55
961 842 1065 904 ianua.
1111 841 1209 906 Mero.
1232 842 1257 922 Ι,
1282 848 1309 918 2,

152 944 185 1002 3:
216 942 311 1013 Abige
335 942 387 1000 aba
410 946 436 1000 te
457 942 672 1002 lassitudinem.
718 939 833 1004 Bacch.
859 939 917 1018 III,
941 943 970 1019 6,
995 945 1013 1003 9
1044 956 1125 1019 sqq.:
1156 943 1310 1016 aegritudo

151 1041 302 1098 abiectast
325 1074 363 1084 —
388 1039 495 1099 Unde?
539 1035 613 1100 MN.
643 1037 692 1098 Au
716 1040 831 1098 homine
853 1057 938 1113 quem
961 1042 1001 1098 mi
1024 1041 1149 1100 amioum
1173 1056 1239 1098 esse
1264 1057 1310 1098 ar·

150 1138 279 1195 bitrutus
304 1155 375 1196 sum.
414 1133 467 1210 IV,
490 1140 519 1212 9,
545 1139 579 1197 7:
604 1136 686 1210 Cepi,
710 1139 876 1212 expugnavi
898 1139 1008 1196 amanti
1032 1138 1099 1195 erili
1122 1135 1184 1196 filio
1206 1154 1310 1196 aurum

152 1235 190 1291 55
214 1250 267 1292 suo
284 1239 383 1306 patre.
429 1231 544 1296 Bacch.
568 1230 623 1310 IV,
653 1236 682 1310 9,
705 1237 763 1294 40:
798 1243 830 1292 ut
853 1237 922 1294 olim
951 1237 1002 1294 ilie
1031 1252 1062 1294 se
1086 1233 1243 1292 Blanditiis
1272 1233 1310 1292 55

149 1331 206 1388 itta
230 1334 348 1403 exemit,
373 1347 411 1392 ex
434 1328 655 1392 emendatione
678 1328 853 1392 Ritsehelii.
880 1348 908 1393 v.
925 1335 981 1394 45:
1005 1332 1079 1407 Cepi
1103 1331 1140 1388 55
1156 1347 1187 1388 55
1203 1333 1308 1406 spolia,

151 1444 189 1487 ex
214 1425 434 1490 emendatione
448 1425 621 1489 Ritsehelii.
653 1425 792 1490 Mercu.
807 1431 885 1490 357:
909 1432 1036 1489 extrusit
1059 1429 1096 1486 55
1119 1445 1157 1488 se.
1187 1444 1215 1489 v.
1231 1431 1307 1490 384:

150 1543 169 1583 a
191 1542 238 1582 me
263 1537 325 1584 nnn
349 1521 406 1586 mit
429 1521 560 1606 binmeg.
605 1522 703 1588 Mero.
720 1543 748 1587 v.
766 1529 821 1587 49:
845 1527 977 1586 Trahere
994 1527 1152 1586 exhaurire
1169 1542 1214 1584 me
1231 1525 1309 1598 quod

149 1625 263 1695 quirem
281 1622 318 1681 55
334 1639 364 1680 so
379 1623 475 1682 domo.
520 1640 548 1683 v.
568 1624 642 1682 109:
666 1640 684 1680 a
706 1629 803 1698 portu.
848 1620 1012 1684 Interdum
1035 1619 1223 1700 pronomina
1237 1636 1310 1700 per·

150 1715 273 1780 sonalia
294 1734 354 1795 pro
378 1717 486 1795 domo,
520 1717 551 1780 in
575 1734 638 1796 qua
661 1717 732 1796 quis
755 1716 893 1798 habitet,
926 1717 1124 1781 collocantur
1149 1715 1307 1794 (Kampm.

148 1833 179 1894 p.
204 1816 246 1889 3).
293 1813 344 1877 Sic
366 1813 541 1892 Mera-IV,
566 1819 599 1894 2,
623 1819 656 1878 8:
692 1818 749 1876 Sed
780 1820 845 1892 quis
875 1836 942 1878 nam
967 1835 986 1876 5
1009 1818 1092 1875 uobis
1115 1815 1198 1874 exit?
1241 1811 1310 1878 Mil.

147 1911 190 1990 ΙΙ,
216 1917 245 1989 3,
271 1914 325 1974 68;
360 1913 430 1973 Scin
460 1922 492 1974 tu
521 1916 633 1973 nullum
664 1924 850 1974 conmeatum
879 1917 937 1975 huc
965 1917 1035 1974 hino
1058 1932 1124 1974 esse
1156 1912 1307 1977 5555552,

147 2007 178 2072 5.
199 2027 225 2072 e.
251 2027 268 2072 e
292 2009 384 2074 domo
409 2016 527 2075 nostra.
573 2007 625 2072 Sic
646 2007 809 2089 Aristoph.
834 2010 906 2076 Pac.
931 2029 959 2075 v.
988 2014 1082 2074 1149:
1107 2005 1161 2081 κάξ
1185 2008 1258 2086 ἐμοῦ
1281 2003 1307 2068 ‹i'

150 2101 302 2178 ἐνεγκάτω
324 2130 368 2178 τις
389 2100 443 2187 τὴν
464 2103 572 2188 κίχλην.
617 2104 739 2185 Mitti,
764 2111 793 2186 6,
816 2115 872 2172 44;
897 2112 1013 2186 quando
1029 2111 1136 2168 exierit
1149 2107 1307 2168 Sceledrus

148 2205 281 2266 euobis.
328 2203 421 2270 Truc.
444 2204 499 2284 IV,
524 2210 552 2281 3,
577 2211 630 2272 78:
665 2212 724 2270 Sed
747 2213 869 2270 nimium
898 2211 948 2283 pol
979 2213 1146 2282 opportune
1176 2223 1246 2264 ecoe
1271 2206 1308 2262 55

145 2319 206 2362 sese
229 2305 383 2379 egreditur
405 2302 497 2364 forus.
542 2302 609 2368 Mil.
632 2306 692 2386 ΙΙΙ,
716 2311 745 2386 2,
770 2313 825 2372 55;
860 2309 928 2366 dum
951 2307 988 2363 55
1009 2321 1039 2364 se
1068 2306 1126 2362 huo
1155 2304 1306 2362 transiret.

150 2395 215 2460 Mil.
232 2397 276 2477 ΙΙ,
303 2406 330 2478 1,
356 2405 409 2463 76;
434 2403 486 2460 Set
509 2403 582 2462 foris
605 2407 782 2480 concrepuit
803 2407 873 2464 hino
896 2421 915 2464 a
937 2404 1032 2462 atauo
1054 2419 1129 2462 sorte.
1175 2397 1258 2462 Men.
1281 2415 1309 2460 v.

153 2499 227 2558 151:
253 2516 289 2558 eo
311 2501 352 2558 mi
374 2502 426 2558 obs
447 2505 474 2558 te
496 2518 586 2562 caveo
610 2506 733 2564 cautius.
779 2500 820 2578 ΙΙ,
845 2505 873 2578 2,
899 2505 952 2564 7οε
980 2499 1045 2574 Aps
1067 2516 1127 2574 quo
1149 2497 1310 2558 cavendum

151 2596 236 2654 nobis
265 2613 337 2655 sane
360 2615 478 2658 censeo.
523 2595 611 2660 Pers,
635 2597 680 2676 H,
713 2604 747 2678 5,
779 2603 831 2662 16;
865 2617 936 2660 cave
961 2600 1001 2658 sis
1023 2598 1053 2656 Α
1077 2615 1176 2656 norrun.
1222 2591 1310 2656 Asin.

150 2688 175 2764 I,
201 2694 229 2769 l,
258 2695 334 2754 106:
357 2711 414 2766 quo
437 2696 474 2753 55
498 2713 604 2756 caveas
627 2697 754 2770 aegrius.
798 2695 913 2758 Pseud.
928 2694 955 2772 Ι,
979 2700 1008 2772 5,
1033 2698 1086 2758 59;
1110 2694 1309 2753 Cavendumst

153 2792 191 2847 ¹¹¹1
216 2807 270 2862 ahs
294 2795 320 2848 te
340 2791 428 2850 irate.
473 2789 567 2854 Most.
591 2791 650 2871 III,
673 2799 701 2870 3,
725 2796 779 2855 21:
813 2790 908 2868 Egon’
932 2795 984 2852 obs
1006 2797 1032 2850 te
1062 2794 1155 2850 ausim
1178 2807 1234 2850 nou
1258 2807 1307 2848 ca·

150 2905 221 2946 vere
244 2889 307 2947 —?
343 2891 445 2951 ν.24;
470 2893 494 2948 si
518 2891 570 2950 obs
593 2895 619 2949 te
640 2893 727 2952 modo
749 2909 808 2950 555
831 2908 930 2951 caveo.
966 2886 1081 2950 Pseud.
1098 2885 1152 2963 IV,
1177 2891 1205 2962 7,
1233 2889 1308 2950 129;

151 2987 188 3042 55
211 3003 244 3046 eo
267 2994 300 3046 ut
322 2987 377 3045 tibi
400 3004 532 3048 caveres.
577 2985 692 3050 Pseud.
716 2985 770 3066 IV,
796 2993 823 3064 7,
847 2993 904 3050 44:
939 3003 1010 3047 cave
1041 2989 1081 3046 sis
1103 2987 1157 3044 tibi
1180 3003 1198 3043 a
1220 3001 1309 3043 corno

150 3081 327 3152 infortunio.
371 3079 485 3145 Pseud.
502 3082 559 3162 ΙΙΙ,
583 3088 612 3161 2,
637 3088 713 3147 108:
737 3088 778 3147 Ut
793 3087 865 3146 mihi
880 3103 1015 3146 caverem
1032 3101 1052 3140 a
1066 3082 1212 3142 Pseudolo
1226 3097 1310 3140 seruo

152 3197 213 3238 suo.
258 3176 373 3242 Pseud.
390 3178 416 3259 1,
439 3184 467 3258 5,
492 3185 547 3245 96:
571 3185 632 3242 Iam
656 3184 722 3244 dieo
744 3192 777 3242 ut
800 3202 819 3242 5
840 3200 885 3242 me
909 3200 1024 3243 caveas.
1068 3175 1184 3242 Bacch.
1200 3175 1256 3254 IV,
1278 3181 1309 3254 4,

150 3279 207 3337 si:
232 3281 320 3350 proin
343 3288 376 3337 tu
399 3282 436 3338 55
460 3299 491 3339 55
514 3290 548 3340 ut
571 3299 677 3340 caveas
700 3282 764 3340 tibi.
794 3278 910 3344 Pseud.
927 3298 955 3341 v.
975 3281 1050 3342 128:
1073 3281 1107 3337 ln
1131 3278 1208 3335 huno
1232 3276 1309 3334 diem

151 3390 238 3431 ome
259 3384 292 3433 nt
314 3386 450 3436 caveant.
495 3374 566 3439 Huc
592 3376 733 3454 pertinet
760 3376 855 3440 etiarn
884 3375 980 3440 dictio
1008 3379 1044 3436 ab
1067 3395 1115 3448 re,
1150 3391 1230 3452 quae
1258 3370 1308 3448 (cf.

154 3468 289 3532 Falster.
316 3473 460 3552 cogitatt.
491 3473 600 3553 philol.
624 3491 653 3552 p.
679 3479 728 3536 55.
752 3471 872 3536 Acidal.
901 3473 941 3536 ad
963 3471 1067 3536 Plaut.
1091 3471 1175 3534 Trin
1201 3468 1255 3547 IV,
1278 3476 1308 3546 4,

153 3567 207 3644 22)
232 3567 318 3645 apud
334 3567 483 3633 Plautum
507 3588 603 3651 saepe
626 3571 709 3636 idem
734 3567 892 3648 significat
914 3589 952 3635 ac
967 3571 1089 3658 frustra,
1114 3588 1179 3630 eum
1202 3569 1308 3628 damno

149 3676 180 3724 et
196 3668 392 3727 incommodo.
439 3664 490 3732 Sic
508 3665 598 3749 Capt.
615 3667 655 3746 II,
681 3671 709 3747 2,
734 3671 789 3730 88;
813 3671 881 3728 dum
904 3673 941 3729 55
955 3687 987 3730 re
1003 3669 1111 3744 nequid
1133 3686 1210 3738 ores,
1234 3663 1263 3726 h.
1281 3683 1308 3727 e.

152 3765 264 3824 eontra
287 3759 456 3826 honestum
480 3771 514 3828 et
537 3783 638 3828 usum.
676 3765 760 3828 Trin.
777 3763 818 3843 II,
846 3772 872 3844 1,
900 3771 952 3828 12;
978 3768 1099 3826 subdole
1123 3765 1161 3822 55
1181 3782 1213 3821 re
1237 3781 1308 3822 eorr-

149 3861 230 3934 sulit,
254 3856 284 3922 h.
310 3877 336 3924 e.
359 3859 460 3924 noxie.
505 3862 597 3926 Truc.
622 3862 664 3942 Π,
688 3867 717 3942 6,
741 3867 797 3927 40:
820 3866 886 3938 Eia,
910 3865 988 3924 haud
1009 3865 1046 3922 55
1061 3881 1101 3930 re,
1124 3879 1189 3920 mea
1204 3863 1307 3934 volup-

150 3965 207 4031 tas,
231 3959 285 4017 tibi
309 3961 378 4020 istie
402 3963 637 4034 obvenientes,
661 3958 690 4022 h.
712 3977 738 4022 e.
763 3959 911 4024 convenit
933 3959 1000 4024 tibi.
1046 3958 1132 4021 Asin.
1149 3956 1175 4036 I,
1199 3962 1227 4034 3,
1252 3962 1308 4018 712

150 4054 223 4114 haut
246 4055 302 4132 [id]
326 4063 373 4116 est
396 4061 433 4118 55
455 4078 487 4118 re
510 4061 640 4134 aucupis.
684 4056 783 4144 Stich.
808 4055 849 4136 II,
876 4061 903 4136 1,
928 4062 983 4120 243
1018 4060 1074 4117 Vix
1102 4061 1168 4132 ipsa
1190 4058 1308 4116 domina

152 4194 353 4204 *—

200 4279 240 4346 ,11
262 4279 308 4334 Sic
327 4279 503 4334 Ritsehelins.
540 4279 618 4347 Vulg.
637 4279 780 4332 obsecrare
798 4273 848 4332 ’555
867 4283 899 4330 te.
