<?xml version="1.0" encoding="UTF-8"?>
<!DOCTYPE html PUBLIC "-//W3C//DTD XHTML 1.0 Transitional//EN"
    "http://www.w3.org/TR/xhtml1/DTD/xhtml1-transitional.dtd">
<html xmlns="http://www.w3.org/1999/xhtml" xml:lang="en" lang="en">
 <head>
  <title>
</title>
<meta http-equiv="Content-Type" content="text/html;charset=utf-8" />
  <meta name='ocr-system' content='tesseract 3.04.00' />
  <meta name='ocr-capabilities' content='ocr_page ocr_carea ocr_par ocr_line ocrx_word'/>
</head>
<body>
  <div class='ocr_page' id='page_1' title='image "./syntaxispriscor01holtgoog_0093.png"; bbox 0 0 3058 4766; ppageno 0'>
   <div class='ocr_carea' id='block_1_1' title="bbox 216 263 943 326">
    <p class='ocr_par' dir='ltr' id='par_1_1' title="bbox 216 263 943 326">
     <span class='ocr_line' id='line_1_1' title="bbox 216 263 943 326; baseline 0.001 -23"><span class='ocrx_word' id='word_1_1' title='bbox 216 271 255 326; x_wconf 72' lang='lat'>76</span> <span class='ocrx_word' id='word_1_2' title='bbox 646 263 800 304; x_wconf 80' lang='lat' dir='ltr'>sussrnnr.</span> <span class='ocrx_word' id='word_1_3' title='bbox 826 263 888 305; x_wconf 74' lang='lat' dir='ltr'>cnr.</span> <span class='ocrx_word' id='word_1_4' title='bbox 904 263 943 304; x_wconf 85' lang='lat' dir='ltr'>nr.</span> 
     </span>
    </p>
   </div>
   <div class='ocr_carea' id='block_1_2' title="bbox 200 434 1377 3930">
    <p class='ocr_par' dir='ltr' id='par_1_2' title="bbox 200 434 1377 3930">
     <span class='ocr_line' id='line_1_2' title="bbox 303 434 1374 514; baseline 0.003 -15"><span class='ocrx_word' id='word_1_5' title='bbox 303 440 351 499; x_wconf 86' lang='grc'>16.</span> <span class='ocrx_word' id='word_1_6' title='bbox 396 437 557 499; x_wconf 77' lang='lat' dir='ltr'>Aontaos</span> <span class='ocrx_word' id='word_1_7' title='bbox 582 440 637 499; x_wconf 85' lang='lat' dir='ltr'>loci</span> <span class='ocrx_word' id='word_1_8' title='bbox 660 458 726 502; x_wconf 87' lang='lat' dir='ltr'>cam</span> <span class='ocrx_word' id='word_1_9' title='bbox 742 440 1022 514; x_wconf 67' lang='lat' dir='ltr'>praepositionem</span> <span class='ocrx_word' id='word_1_10' title='bbox 1043 439 1222 498; x_wconf 76' lang='lat' dir='ltr'>coniunctas.</span> <span class='ocrx_word' id='word_1_11' title='bbox 1249 434 1286 498; x_wconf 93' lang='lat' dir='ltr'>In</span> <span class='ocrx_word' id='word_1_12' title='bbox 1309 435 1374 502; x_wconf 88' lang='lat' dir='ltr'>bac</span> 
     </span>
     <span class='ocr_line' id='line_1_3' title="bbox 215 532 1373 615; baseline -0.003 -17"><span class='ocrx_word' id='word_1_13' title='bbox 215 533 451 614; x_wconf 82' lang='lat' dir='ltr'>praepositione</span> <span class='ocrx_word' id='word_1_14' title='bbox 474 551 513 597; x_wconf 90' lang='lat' dir='ltr'>ea</span> <span class='ocrx_word' id='word_1_15' title='bbox 535 538 609 598; x_wconf 88' lang='lat' dir='ltr'>utar</span> <span class='ocrx_word' id='word_1_16' title='bbox 630 535 871 615; x_wconf 84' lang='lat' dir='ltr'>distributione,</span> <span class='ocrx_word' id='word_1_17' title='bbox 894 553 989 615; x_wconf 88' lang='lat' dir='ltr'>quam</span> <span class='ocrx_word' id='word_1_18' title='bbox 1012 533 1151 598; x_wconf 83' lang='lat' dir='ltr'>instituit</span> <span class='ocrx_word' id='word_1_19' title='bbox 1177 532 1373 612; x_wconf 87' lang='lat' dir='ltr'>Kampman-</span> 
     </span>
     <span class='ocr_line' id='line_1_4' title="bbox 219 627 1373 714; baseline 0.001 -20"><span class='ocrx_word' id='word_1_20' title='bbox 219 645 279 696; x_wconf 89' lang='lat' dir='ltr'>nus</span> <span class='ocrx_word' id='word_1_21' title='bbox 301 632 341 696; x_wconf 92' lang='lat' dir='ltr'>de</span> <span class='ocrx_word' id='word_1_22' title='bbox 364 635 407 694; x_wconf 85' lang='lat' dir='ltr'>IN</span> <span class='ocrx_word' id='word_1_23' title='bbox 428 648 535 712; x_wconf 88' lang='lat' dir='ltr'>praep.</span> <span class='ocrx_word' id='word_1_24' title='bbox 561 631 789 697; x_wconf 87' lang='lat' dir='ltr'>usuPlautino.</span> <span class='ocrx_word' id='word_1_25' title='bbox 812 652 840 696; x_wconf 89' lang='lat' dir='ltr'>a.</span> <span class='ocrx_word' id='word_1_26' title='bbox 858 631 1023 714; x_wconf 84' lang='lat' dir='ltr'>Significat</span> <span class='ocrx_word' id='word_1_27' title='bbox 1044 630 1164 710; x_wconf 88' lang='lat' dir='ltr'>abquid</span> <span class='ocrx_word' id='word_1_28' title='bbox 1185 635 1270 692; x_wconf 83' lang='lat' dir='ltr'>intro</span> <span class='ocrx_word' id='word_1_29' title='bbox 1290 627 1373 695; x_wconf 89' lang='lat' dir='ltr'>fines</span> 
     </span>
     <span class='ocr_line' id='line_1_5' title="bbox 214 724 1375 810; baseline -0.002 -16"><span class='ocrx_word' id='word_1_30' title='bbox 214 727 347 794; x_wconf 84' lang='lat' dir='ltr'>alicuius</span> <span class='ocrx_word' id='word_1_31' title='bbox 374 728 436 793; x_wconf 92' lang='lat' dir='ltr'>loci</span> <span class='ocrx_word' id='word_1_32' title='bbox 464 733 521 792; x_wconf 87' lang='lat' dir='ltr'>aut</span> <span class='ocrx_word' id='word_1_33' title='bbox 548 729 597 795; x_wconf 88' lang='lat' dir='ltr'>rei</span> <span class='ocrx_word' id='word_1_34' title='bbox 618 729 789 808; x_wconf 84' lang='lat' dir='ltr'>contineri,</span> <span class='ocrx_word' id='word_1_35' title='bbox 823 727 905 808; x_wconf 81' lang='lat' dir='ltr'>fieri,</span> <span class='ocrx_word' id='word_1_36' title='bbox 934 731 995 810; x_wconf 85' lang='lat' dir='ltr'>agi.</span> <span class='ocrx_word' id='word_1_37' title='bbox 1041 727 1103 805; x_wconf 79' lang='lat' dir='ltr'>Qui</span> <span class='ocrx_word' id='word_1_38' title='bbox 1124 724 1202 792; x_wconf 88' lang='lat' dir='ltr'>fines</span> <span class='ocrx_word' id='word_1_39' title='bbox 1225 726 1272 791; x_wconf 91' lang='lat' dir='ltr'>ita</span> <span class='ocrx_word' id='word_1_40' title='bbox 1294 733 1375 792; x_wconf 89' lang='lat' dir='ltr'>sunt</span> 
     </span>
     <span class='ocr_line' id='line_1_6' title="bbox 214 823 1373 908; baseline -0.005 -16"><span class='ocrx_word' id='word_1_41' title='bbox 214 826 384 908; x_wconf 81' lang='lat' dir='ltr'>cogitandi,</span> <span class='ocrx_word' id='word_1_42' title='bbox 409 832 529 891; x_wconf 92' lang='lat' dir='ltr'>utnon</span> <span class='ocrx_word' id='word_1_43' title='bbox 552 827 654 892; x_wconf 91' lang='lat' dir='ltr'>solum</span> <span class='ocrx_word' id='word_1_44' title='bbox 677 827 839 892; x_wconf 89' lang='lat' dir='ltr'>includant</span> <span class='ocrx_word' id='word_1_45' title='bbox 860 827 1023 908; x_wconf 87' lang='lat' dir='ltr'>planitiem</span> <span class='ocrx_word' id='word_1_46' title='bbox 1045 826 1185 905; x_wconf 85' lang='lat' dir='ltr'>aliquam</span> <span class='ocrx_word' id='word_1_47' title='bbox 1207 825 1239 888; x_wconf 88' lang='lat' dir='ltr'>in</span> <span class='ocrx_word' id='word_1_48' title='bbox 1258 823 1373 888; x_wconf 89' lang='lat' dir='ltr'>latitu-</span> 
     </span>
     <span class='ocr_line' id='line_1_7' title="bbox 212 921 1373 1005; baseline -0.003 -16"><span class='ocrx_word' id='word_1_49' title='bbox 212 925 316 989; x_wconf 89' lang='lat' dir='ltr'>dinem</span> <span class='ocrx_word' id='word_1_50' title='bbox 339 929 512 1004; x_wconf 88' lang='lat' dir='ltr'>patentem,</span> <span class='ocrx_word' id='word_1_51' title='bbox 535 925 592 990; x_wconf 89' lang='lat' dir='ltr'>sed</span> <span class='ocrx_word' id='word_1_52' title='bbox 615 925 710 990; x_wconf 87' lang='lat' dir='ltr'>etiam</span> <span class='ocrx_word' id='word_1_53' title='bbox 733 943 800 989; x_wconf 90' lang='lat' dir='ltr'>rem</span> <span class='ocrx_word' id='word_1_54' title='bbox 824 942 1025 1005; x_wconf 82' lang='lat' dir='ltr'>corpoream3</span> <span class='ocrx_word' id='word_1_55' title='bbox 1056 925 1164 1003; x_wconf 88' lang='lat' dir='ltr'>itaqua</span> <span class='ocrx_word' id='word_1_56' title='bbox 1191 926 1226 983; x_wconf 85' lang='lat' dir='ltr'>a&#39;a</span> <span class='ocrx_word' id='word_1_57' title='bbox 1247 921 1373 1002; x_wconf 88' lang='lat' dir='ltr'>aliquid</span> 
     </span>
     <span class='ocr_line' id='line_1_8' title="bbox 212 1020 1374 1102; baseline -0.002 -16"><span class='ocrx_word' id='word_1_58' title='bbox 212 1025 245 1086; x_wconf 92' lang='lat' dir='ltr'>et</span> <span class='ocrx_word' id='word_1_59' title='bbox 266 1023 298 1086; x_wconf 92' lang='lat' dir='ltr'>in</span> <span class='ocrx_word' id='word_1_60' title='bbox 321 1022 487 1102; x_wconf 82' lang='lat' dir='ltr'>superiore</span> <span class='ocrx_word' id='word_1_61' title='bbox 509 1021 644 1088; x_wconf 88' lang='lat' dir='ltr'>alicuius</span> <span class='ocrx_word' id='word_1_62' title='bbox 659 1023 706 1088; x_wconf 87' lang='lat' dir='ltr'>rei</span> <span class='ocrx_word' id='word_1_63' title='bbox 728 1029 821 1102; x_wconf 89' lang='lat' dir='ltr'>parte</span> <span class='ocrx_word' id='word_1_64' title='bbox 841 1023 979 1102; x_wconf 91' lang='lat' dir='ltr'>positum</span> <span class='ocrx_word' id='word_1_65' title='bbox 1003 1026 1036 1086; x_wconf 88' lang='lat' dir='ltr'>et</span> <span class='ocrx_word' id='word_1_66' title='bbox 1057 1021 1089 1085; x_wconf 92' lang='lat' dir='ltr'>in</span> <span class='ocrx_word' id='word_1_67' title='bbox 1105 1020 1255 1085; x_wconf 89' lang='lat' dir='ltr'>interiore</span> <span class='ocrx_word' id='word_1_68' title='bbox 1276 1025 1374 1100; x_wconf 86' lang='lat' dir='ltr'>parte</span> 
     </span>
     <span class='ocr_line' id='line_1_9' title="bbox 211 1117 1376 1200; baseline -0.001 -17"><span class='ocrx_word' id='word_1_69' title='bbox 211 1120 310 1185; x_wconf 90' lang='lat' dir='ltr'>totius</span> <span class='ocrx_word' id='word_1_70' title='bbox 338 1121 387 1184; x_wconf 92' lang='lat' dir='ltr'>rei</span> <span class='ocrx_word' id='word_1_71' title='bbox 416 1137 588 1200; x_wconf 84' lang='lat' dir='ltr'>corporeae</span> <span class='ocrx_word' id='word_1_72' title='bbox 610 1121 767 1186; x_wconf 90' lang='lat' dir='ltr'>inclusum</span> <span class='ocrx_word' id='word_1_73' title='bbox 795 1139 866 1186; x_wconf 91' lang='lat' dir='ltr'>esse</span> <span class='ocrx_word' id='word_1_74' title='bbox 895 1120 1022 1184; x_wconf 89' lang='lat' dir='ltr'>indicat.</span> <span class='ocrx_word' id='word_1_75' title='bbox 1067 1117 1134 1182; x_wconf 91' lang='lat' dir='ltr'>Nos</span> <span class='ocrx_word' id='word_1_76' title='bbox 1165 1135 1228 1182; x_wconf 93' lang='lat' dir='ltr'>non</span> <span class='ocrx_word' id='word_1_77' title='bbox 1256 1117 1376 1182; x_wconf 87' lang='lat' dir='ltr'>eadem</span> 
     </span>
     <span class='ocr_line' id='line_1_10' title="bbox 212 1215 1376 1297; baseline -0.002 -17"><span class='ocrx_word' id='word_1_78' title='bbox 212 1216 332 1281; x_wconf 90' lang='lat' dir='ltr'>utimur</span> <span class='ocrx_word' id='word_1_79' title='bbox 346 1217 584 1297; x_wconf 82' lang='lat' dir='ltr'>praepositione</span> <span class='ocrx_word' id='word_1_80' title='bbox 607 1219 638 1282; x_wconf 92' lang='lat' dir='ltr'>in</span> <span class='ocrx_word' id='word_1_81' title='bbox 653 1218 702 1282; x_wconf 91' lang='lat' dir='ltr'>bis</span> <span class='ocrx_word' id='word_1_82' title='bbox 717 1219 900 1284; x_wconf 89' lang='lat' dir='ltr'>notionibus</span> <span class='ocrx_word' id='word_1_83' title='bbox 915 1216 1107 1293; x_wconf 67' lang='lat' dir='ltr'>indicantia</span> <span class='ocrx_word' id='word_1_84' title='bbox 1131 1215 1267 1280; x_wconf 85' lang='lat' dir='ltr'>alterum</span> <span class='ocrx_word' id='word_1_85' title='bbox 1283 1215 1376 1279; x_wconf 91' lang='lat' dir='ltr'>enim</span> 
     </span>
     <span class='ocr_line' id='line_1_11' title="bbox 212 1312 1376 1394; baseline -0.002 -16"><span class='ocrx_word' id='word_1_86' title='bbox 212 1314 345 1378; x_wconf 81' lang='lat' dir='ltr'>dicimus</span> <span class='ocrx_word' id='word_1_87' title='bbox 370 1313 434 1394; x_wconf 72' lang='lat' dir='ltr'>aul,</span> <span class='ocrx_word' id='word_1_88' title='bbox 458 1315 594 1380; x_wconf 86' lang='lat' dir='ltr'>alterum</span> <span class='ocrx_word' id='word_1_89' title='bbox 611 1314 653 1379; x_wconf 82' lang='lat' dir='ltr'>iu.</span> <span class='ocrx_word' id='word_1_90' title='bbox 682 1316 729 1380; x_wconf 83' lang='lat' dir='ltr'>Ea</span> <span class='ocrx_word' id='word_1_91' title='bbox 751 1316 839 1381; x_wconf 90' lang='lat' dir='ltr'>notio</span> <span class='ocrx_word' id='word_1_92' title='bbox 862 1315 924 1380; x_wconf 94' lang='lat' dir='ltr'>loci</span> <span class='ocrx_word' id='word_1_93' title='bbox 945 1335 964 1379; x_wconf 88' lang='lat' dir='ltr'>a</span> <span class='ocrx_word' id='word_1_94' title='bbox 987 1313 1094 1392; x_wconf 87' lang='lat' dir='ltr'>rebus,</span> <span class='ocrx_word' id='word_1_95' title='bbox 1118 1329 1200 1392; x_wconf 88' lang='lat' dir='ltr'>quae</span> <span class='ocrx_word' id='word_1_96' title='bbox 1222 1312 1376 1378; x_wconf 87' lang='lat' dir='ltr'>sensibus</span> 
     </span>
     <span class='ocr_line' id='line_1_12' title="bbox 211 1410 1376 1494; baseline -0.002 -18"><span class='ocrx_word' id='word_1_97' title='bbox 211 1413 441 1494; x_wconf 85' lang='lat' dir='ltr'>percipiuntur,</span> <span class='ocrx_word' id='word_1_98' title='bbox 464 1411 612 1477; x_wconf 79' lang='lat' dir='ltr'>facillime</span> <span class='ocrx_word' id='word_1_99' title='bbox 636 1413 829 1479; x_wconf 86' lang='lat' dir='ltr'>transfertur</span> <span class='ocrx_word' id='word_1_100' title='bbox 851 1413 891 1478; x_wconf 86' lang='lat' dir='ltr'>ad</span> <span class='ocrx_word' id='word_1_101' title='bbox 913 1431 966 1478; x_wconf 90' lang='lat' dir='ltr'>res</span> <span class='ocrx_word' id='word_1_102' title='bbox 982 1412 1149 1492; x_wconf 86' lang='lat' dir='ltr'>cogitatas.</span> <span class='ocrx_word' id='word_1_103' title='bbox 1178 1410 1286 1474; x_wconf 85' lang='lat' dir='ltr'>Liuius</span> <span class='ocrx_word' id='word_1_104' title='bbox 1302 1410 1376 1474; x_wconf 89' lang='lat' dir='ltr'>An·</span> 
     </span>
     <span class='ocr_line' id='line_1_13' title="bbox 211 1509 1377 1592; baseline -0.006 -16"><span class='ocrx_word' id='word_1_105' title='bbox 211 1510 361 1576; x_wconf 86' lang='lat' dir='ltr'>dronicus</span> <span class='ocrx_word' id='word_1_106' title='bbox 382 1510 419 1574; x_wconf 90' lang='lat' dir='ltr'>fr.</span> <span class='ocrx_word' id='word_1_107' title='bbox 444 1511 503 1576; x_wconf 86' lang='lat' dir='ltr'>inc.</span> <span class='ocrx_word' id='word_1_108' title='bbox 528 1515 608 1592; x_wconf 82' lang='lat' dir='ltr'>trag.</span> <span class='ocrx_word' id='word_1_109' title='bbox 635 1519 669 1577; x_wconf 81' lang='lat' dir='ltr'>b:</span> <span class='ocrx_word' id='word_1_110' title='bbox 701 1516 783 1573; x_wconf 85' lang='lat' dir='ltr'>Haut</span> <span class='ocrx_word' id='word_1_111' title='bbox 809 1521 842 1574; x_wconf 91' lang='lat' dir='ltr'>ut</span> <span class='ocrx_word' id='word_1_112' title='bbox 869 1531 955 1588; x_wconf 92' lang='lat' dir='ltr'>quem</span> <span class='ocrx_word' id='word_1_113' title='bbox 986 1513 1076 1572; x_wconf 82' lang='lat' dir='ltr'>Chiro</span> <span class='ocrx_word' id='word_1_114' title='bbox 1103 1509 1137 1572; x_wconf 85' lang='lat' dir='ltr'>t&#39;o</span> <span class='ocrx_word' id='word_1_115' title='bbox 1158 1510 1239 1572; x_wconf 82' lang='lat' dir='ltr'>Pelio</span> <span class='ocrx_word' id='word_1_116' title='bbox 1267 1510 1377 1571; x_wconf 86' lang='lat' dir='ltr'>docuit</span> 
     </span>
     <span class='ocr_line' id='line_1_14' title="bbox 211 1604 1373 1688; baseline -0.001 -18"><span class='ocrx_word' id='word_1_117' title='bbox 211 1613 280 1670; x_wconf 80' lang='lat' dir='ltr'>ocri.</span> <span class='ocrx_word' id='word_1_118' title='bbox 309 1607 345 1671; x_wconf 88' lang='lat' dir='ltr'>fr.</span> <span class='ocrx_word' id='word_1_119' title='bbox 373 1610 433 1673; x_wconf 90' lang='lat' dir='ltr'>inc.</span> <span class='ocrx_word' id='word_1_120' title='bbox 463 1613 544 1688; x_wconf 83' lang='lat' dir='ltr'>trag.</span> <span class='ocrx_word' id='word_1_121' title='bbox 571 1614 622 1672; x_wconf 92' lang='lat'>10:</span> <span class='ocrx_word' id='word_1_122' title='bbox 654 1613 757 1673; x_wconf 87' lang='lat' dir='ltr'>dusmo</span> <span class='ocrx_word' id='word_1_123' title='bbox 785 1609 831 1685; x_wconf 82' lang='lat' dir='ltr'>(h,</span> <span class='ocrx_word' id='word_1_124' title='bbox 855 1627 881 1672; x_wconf 91' lang='lat' dir='ltr'>e.</span> <span class='ocrx_word' id='word_1_125' title='bbox 905 1607 1059 1687; x_wconf 82' lang='lat' dir='ltr'>dumoso)</span> <span class='ocrx_word' id='word_1_126' title='bbox 1088 1611 1117 1668; x_wconf 87' lang='lat' dir='ltr'>in</span> <span class='ocrx_word' id='word_1_127' title='bbox 1147 1612 1223 1670; x_wconf 89' lang='lat' dir='ltr'>loco.</span> <span class='ocrx_word' id='word_1_128' title='bbox 1267 1604 1373 1670; x_wconf 87' lang='lat' dir='ltr'>Naev.</span> 
     </span>
     <span class='ocr_line' id='line_1_15' title="bbox 210 1702 1374 1786; baseline -0.004 -14"><span class='ocrx_word' id='word_1_129' title='bbox 210 1705 436 1786; x_wconf 82' lang='lat' dir='ltr'>Gymnasticus</span> <span class='ocrx_word' id='word_1_130' title='bbox 452 1704 488 1768; x_wconf 86' lang='lat' dir='ltr'>ir.</span> <span class='ocrx_word' id='word_1_131' title='bbox 504 1711 536 1769; x_wconf 92' lang='lat'>1:</span> <span class='ocrx_word' id='word_1_132' title='bbox 560 1711 589 1766; x_wconf 89' lang='lat' dir='ltr'>in</span> <span class='ocrx_word' id='word_1_133' title='bbox 613 1712 683 1769; x_wconf 84' lang='lat' dir='ltr'>alto.</span> <span class='ocrx_word' id='word_1_134' title='bbox 707 1705 788 1770; x_wconf 89' lang='lat' dir='ltr'>Bell.</span> <span class='ocrx_word' id='word_1_135' title='bbox 811 1705 890 1782; x_wconf 83' lang='lat' dir='ltr'>Pan,</span> <span class='ocrx_word' id='word_1_136' title='bbox 913 1704 1026 1770; x_wconf 78' lang='lat' dir='ltr'>irinc.</span> <span class='ocrx_word' id='word_1_137' title='bbox 1045 1710 1093 1768; x_wconf 83' lang='lat'>17.</span> <span class='ocrx_word' id='word_1_138' title='bbox 1111 1723 1140 1782; x_wconf 92' lang='lat' dir='ltr'>p.</span> <span class='ocrx_word' id='word_1_139' title='bbox 1163 1709 1203 1768; x_wconf 83' lang='lat'>20</span> <span class='ocrx_word' id='word_1_140' title='bbox 1220 1702 1374 1767; x_wconf 82' lang='lat' dir='ltr'>Vahlen:</span> 
     </span>
     <span class='ocr_line' id='line_1_16' title="bbox 209 1801 1366 1878; baseline 0.002 -14"><span class='ocrx_word' id='word_1_141' title='bbox 209 1807 243 1864; x_wconf 84' lang='lat' dir='ltr'>in</span> <span class='ocrx_word' id='word_1_142' title='bbox 265 1823 367 1878; x_wconf 84' lang='lat' dir='ltr'>compo</span> <span class='ocrx_word' id='word_1_143' title='bbox 389 1806 527 1864; x_wconf 89' lang='lat' dir='ltr'>bostium.</span> <span class='ocrx_word' id='word_1_144' title='bbox 573 1801 776 1868; x_wconf 84' lang='lat' dir='ltr'>Tunicularia</span> <span class='ocrx_word' id='word_1_145' title='bbox 802 1801 840 1868; x_wconf 87' lang='lat' dir='ltr'>fr.</span> <span class='ocrx_word' id='word_1_146' title='bbox 868 1808 893 1866; x_wconf 93' lang='lat' dir='ltr'>l.</span> <span class='ocrx_word' id='word_1_147' title='bbox 921 1822 950 1866; x_wconf 79' lang='lat' dir='ltr'>v,</span> <span class='ocrx_word' id='word_1_148' title='bbox 981 1807 1054 1867; x_wconf 92' lang='lat'>101:</span> <span class='ocrx_word' id='word_1_149' title='bbox 1083 1805 1196 1865; x_wconf 89' lang='lat' dir='ltr'>Sedens</span> <span class='ocrx_word' id='word_1_150' title='bbox 1224 1805 1257 1861; x_wconf 85' lang='lat' dir='ltr'>ia</span> <span class='ocrx_word' id='word_1_151' title='bbox 1278 1803 1366 1866; x_wconf 84' lang='lat' dir='ltr'>cello.</span> 
     </span>
     <span class='ocr_line' id='line_1_17' title="bbox 209 1897 1373 1979; baseline -0.001 -16"><span class='ocrx_word' id='word_1_152' title='bbox 209 1899 387 1965; x_wconf 85' lang='lat' dir='ltr'>Tarentilla</span> <span class='ocrx_word' id='word_1_153' title='bbox 407 1897 444 1962; x_wconf 86' lang='lat' dir='ltr'>ir.</span> <span class='ocrx_word' id='word_1_154' title='bbox 469 1904 498 1977; x_wconf 81' lang='lat'>2,</span> <span class='ocrx_word' id='word_1_155' title='bbox 523 1918 551 1964; x_wconf 86' lang='lat' dir='ltr'>v.</span> <span class='ocrx_word' id='word_1_156' title='bbox 577 1905 689 1964; x_wconf 77' lang='lat'>75:111</span> <span class='ocrx_word' id='word_1_157' title='bbox 714 1905 814 1964; x_wconf 90' lang='lat' dir='ltr'>choro.</span> <span class='ocrx_word' id='word_1_158' title='bbox 852 1899 931 1965; x_wconf 91' lang='lat' dir='ltr'>Bell.</span> <span class='ocrx_word' id='word_1_159' title='bbox 956 1901 1034 1964; x_wconf 91' lang='lat' dir='ltr'>Pun.</span> <span class='ocrx_word' id='word_1_160' title='bbox 1058 1900 1096 1964; x_wconf 89' lang='lat' dir='ltr'>fr.</span> <span class='ocrx_word' id='word_1_161' title='bbox 1119 1900 1179 1964; x_wconf 92' lang='lat' dir='ltr'>inc.</span> <span class='ocrx_word' id='word_1_162' title='bbox 1204 1905 1233 1979; x_wconf 83' lang='lat'>5,</span> <span class='ocrx_word' id='word_1_163' title='bbox 1255 1917 1285 1979; x_wconf 93' lang='lat' dir='ltr'>p.</span> <span class='ocrx_word' id='word_1_164' title='bbox 1313 1903 1373 1963; x_wconf 87' lang='lat'>18:</span> 
     </span>
     <span class='ocr_line' id='line_1_18' title="bbox 211 1994 1371 2078; baseline 0.003 -19"><span class='ocrx_word' id='word_1_165' title='bbox 211 2000 331 2059; x_wconf 86' lang='lat' dir='ltr'>stabant</span> <span class='ocrx_word' id='word_1_166' title='bbox 351 2000 385 2057; x_wconf 83' lang='lat' dir='ltr'>ia</span> <span class='ocrx_word' id='word_1_167' title='bbox 406 1999 528 2071; x_wconf 67' lang='lat' dir='ltr'>itastis.</span> <span class='ocrx_word' id='word_1_168' title='bbox 552 1997 779 2078; x_wconf 80' lang='lat' dir='ltr'>Agrypnuntes</span> <span class='ocrx_word' id='word_1_169' title='bbox 801 1996 840 2062; x_wconf 87' lang='lat' dir='ltr'>fr.</span> <span class='ocrx_word' id='word_1_170' title='bbox 865 2003 898 2061; x_wconf 84' lang='lat'>2:</span> <span class='ocrx_word' id='word_1_171' title='bbox 929 2003 960 2058; x_wconf 91' lang='lat' dir='ltr'>in</span> <span class='ocrx_word' id='word_1_172' title='bbox 984 2017 1083 2060; x_wconf 84' lang='lat' dir='ltr'>scena.</span> <span class='ocrx_word' id='word_1_173' title='bbox 1129 1995 1305 2061; x_wconf 89' lang='lat' dir='ltr'>Tarentilla</span> <span class='ocrx_word' id='word_1_174' title='bbox 1327 1994 1371 2063; x_wconf 88' lang='lat' dir='ltr'>fr.</span> 
     </span>
     <span class='ocr_line' id='line_1_19' title="bbox 211 2094 1372 2174; baseline -0.003 -16"><span class='ocrx_word' id='word_1_175' title='bbox 211 2099 239 2174; x_wconf 88' lang='lat'>1,</span> <span class='ocrx_word' id='word_1_176' title='bbox 262 2111 290 2156; x_wconf 83' lang='lat' dir='ltr'>v.</span> <span class='ocrx_word' id='word_1_177' title='bbox 316 2099 369 2158; x_wconf 84' lang='lat'>71:</span> <span class='ocrx_word' id='word_1_178' title='bbox 406 2099 436 2155; x_wconf 91' lang='lat' dir='ltr'>in</span> <span class='ocrx_word' id='word_1_179' title='bbox 464 2097 592 2158; x_wconf 87' lang='lat' dir='ltr'>theatro.</span> <span class='ocrx_word' id='word_1_180' title='bbox 623 2095 701 2159; x_wconf 90' lang='lat' dir='ltr'>Bell.</span> <span class='ocrx_word' id='word_1_181' title='bbox 726 2096 803 2160; x_wconf 91' lang='lat' dir='ltr'>Pun.</span> <span class='ocrx_word' id='word_1_182' title='bbox 828 2094 958 2172; x_wconf 83' lang='lat' dir='ltr'>1.1‚lr.</span> <span class='ocrx_word' id='word_1_183' title='bbox 984 2101 1017 2159; x_wconf 85' lang='lat'>2:</span> <span class='ocrx_word' id='word_1_184' title='bbox 1054 2100 1214 2172; x_wconf 90' lang='lat' dir='ltr'>Postquam</span> <span class='ocrx_word' id='word_1_185' title='bbox 1241 2114 1310 2156; x_wconf 88' lang='lat' dir='ltr'>aves</span> <span class='ocrx_word' id='word_1_186' title='bbox 1335 2115 1372 2156; x_wconf 85' lang='lat' dir='ltr'>a·</span> 
     </span>
     <span class='ocr_line' id='line_1_20' title="bbox 209 2194 1370 2271; baseline -0.004 -15"><span class='ocrx_word' id='word_1_187' title='bbox 209 2196 307 2270; x_wconf 85' lang='lat' dir='ltr'>spexit</span> <span class='ocrx_word' id='word_1_188' title='bbox 320 2196 354 2253; x_wconf 82' lang='lat' dir='ltr'>in</span> <span class='ocrx_word' id='word_1_189' title='bbox 370 2194 473 2268; x_wconf 77' lang='lat' dir='ltr'>amplo</span> <span class='ocrx_word' id='word_1_190' title='bbox 486 2196 625 2256; x_wconf 84' lang='lat' dir='ltr'>Anchisa.</span> <span class='ocrx_word' id='word_1_191' title='bbox 651 2195 760 2259; x_wconf 82' lang='lat' dir='ltr'>Danae</span> <span class='ocrx_word' id='word_1_192' title='bbox 776 2195 815 2258; x_wconf 88' lang='lat' dir='ltr'>fr.</span> <span class='ocrx_word' id='word_1_193' title='bbox 833 2198 866 2257; x_wconf 85' lang='lat'>6:</span> <span class='ocrx_word' id='word_1_194' title='bbox 890 2199 915 2255; x_wconf 89' lang='lat' dir='ltr'>si</span> <span class='ocrx_word' id='word_1_195' title='bbox 927 2213 1014 2271; x_wconf 84' lang='lat' dir='ltr'>quam</span> <span class='ocrx_word' id='word_1_196' title='bbox 1031 2197 1123 2257; x_wconf 87' lang='lat' dir='ltr'>solam</span> <span class='ocrx_word' id='word_1_197' title='bbox 1142 2197 1242 2256; x_wconf 88' lang='lat' dir='ltr'>videre</span> <span class='ocrx_word' id='word_1_198' title='bbox 1258 2194 1291 2252; x_wconf 81' lang='lat' dir='ltr'>la</span> <span class='ocrx_word' id='word_1_199' title='bbox 1304 2195 1370 2252; x_wconf 86' lang='lat' dir='ltr'>oia.</span> 
     </span>
     <span class='ocr_line' id='line_1_21' title="bbox 207 2289 1369 2372; baseline -0.003 -18"><span class='ocrx_word' id='word_1_200' title='bbox 207 2289 326 2356; x_wconf 83' lang='lat' dir='ltr'>Fabius</span> <span class='ocrx_word' id='word_1_201' title='bbox 355 2289 463 2354; x_wconf 91' lang='lat' dir='ltr'>Pictor</span> <span class='ocrx_word' id='word_1_202' title='bbox 489 2307 539 2372; x_wconf 89' lang='lat' dir='ltr'>ap.</span> <span class='ocrx_word' id='word_1_203' title='bbox 569 2291 684 2372; x_wconf 84' lang='lat' dir='ltr'>Egger.</span> <span class='ocrx_word' id='word_1_204' title='bbox 714 2310 742 2372; x_wconf 90' lang='lat' dir='ltr'>p.</span> <span class='ocrx_word' id='word_1_205' title='bbox 775 2295 849 2356; x_wconf 82' lang='lat'>107:</span> <span class='ocrx_word' id='word_1_206' title='bbox 884 2295 980 2354; x_wconf 87' lang='lat' dir='ltr'>Pedes</span> <span class='ocrx_word' id='word_1_207' title='bbox 1011 2295 1099 2366; x_wconf 82' lang='lat' dir='ltr'>lecti,</span> <span class='ocrx_word' id='word_1_208' title='bbox 1127 2293 1161 2351; x_wconf 86' lang='lat' dir='ltr'>ia</span> <span class='ocrx_word' id='word_1_209' title='bbox 1184 2309 1240 2366; x_wconf 83' lang='lat' dir='ltr'>qao</span> <span class='ocrx_word' id='word_1_210' title='bbox 1267 2293 1369 2351; x_wconf 86' lang='lat' dir='ltr'>cubat.</span> 
     </span>
     <span class='ocr_line' id='line_1_22' title="bbox 206 2386 1369 2465; baseline 0 -15"><span class='ocrx_word' id='word_1_211' title='bbox 206 2387 268 2452; x_wconf 90' lang='lat' dir='ltr'>Ib.:</span> <span class='ocrx_word' id='word_1_212' title='bbox 292 2391 395 2465; x_wconf 88' lang='lat' dir='ltr'>Neque</span> <span class='ocrx_word' id='word_1_213' title='bbox 418 2391 451 2449; x_wconf 85' lang='lat' dir='ltr'>io</span> <span class='ocrx_word' id='word_1_214' title='bbox 474 2409 505 2451; x_wconf 88' lang='lat' dir='ltr'>eo</span> <span class='ocrx_word' id='word_1_215' title='bbox 528 2393 598 2452; x_wconf 86' lang='lat' dir='ltr'>lecto</span> <span class='ocrx_word' id='word_1_216' title='bbox 621 2393 730 2452; x_wconf 85' lang='lat' dir='ltr'>cubare</span> <span class='ocrx_word' id='word_1_217' title='bbox 754 2394 843 2452; x_wconf 89' lang='lat' dir='ltr'>alium</span> <span class='ocrx_word' id='word_1_218' title='bbox 867 2391 912 2452; x_wconf 86' lang='lat' dir='ltr'>ias</span> <span class='ocrx_word' id='word_1_219' title='bbox 936 2399 991 2450; x_wconf 90' lang='lat' dir='ltr'>est.</span> <span class='ocrx_word' id='word_1_220' title='bbox 1036 2386 1114 2453; x_wconf 83' lang='lat' dir='ltr'>Cato</span> <span class='ocrx_word' id='word_1_221' title='bbox 1136 2389 1174 2454; x_wconf 85' lang='lat' dir='ltr'>R.</span> <span class='ocrx_word' id='word_1_222' title='bbox 1199 2390 1234 2452; x_wconf 83' lang='lat' dir='ltr'>R.</span> <span class='ocrx_word' id='word_1_223' title='bbox 1259 2405 1283 2452; x_wconf 85' lang='lat' dir='ltr'>c.</span> <span class='ocrx_word' id='word_1_224' title='bbox 1309 2393 1369 2451; x_wconf 80' lang='lat'>55:</span> 
     </span>
     <span class='ocr_line' id='line_1_23' title="bbox 208 2484 1373 2562; baseline 0.002 -16"><span class='ocrx_word' id='word_1_225' title='bbox 208 2488 325 2548; x_wconf 88' lang='lat' dir='ltr'>radices</span> <span class='ocrx_word' id='word_1_226' title='bbox 347 2489 381 2546; x_wconf 86' lang='lat' dir='ltr'>ia</span> <span class='ocrx_word' id='word_1_227' title='bbox 402 2505 507 2547; x_wconf 88' lang='lat' dir='ltr'>oceroo</span> <span class='ocrx_word' id='word_1_228' title='bbox 535 2491 589 2549; x_wconf 91' lang='lat' dir='ltr'>sub</span> <span class='ocrx_word' id='word_1_229' title='bbox 612 2490 660 2550; x_wconf 91' lang='lat' dir='ltr'>dic</span> <span class='ocrx_word' id='word_1_230' title='bbox 683 2496 778 2550; x_wconf 87' lang='lat' dir='ltr'>metas</span> <span class='ocrx_word' id='word_1_231' title='bbox 806 2489 907 2549; x_wconf 86' lang='lat' dir='ltr'>facito.</span> <span class='ocrx_word' id='word_1_232' title='bbox 937 2484 1029 2550; x_wconf 74' lang='lat'>(161</span> <span class='ocrx_word' id='word_1_233' title='bbox 1055 2489 1089 2546; x_wconf 82' lang='lat' dir='ltr'>ia</span> <span class='ocrx_word' id='word_1_234' title='bbox 1116 2505 1189 2562; x_wconf 74' lang='lat' dir='ltr'>apro</span> <span class='ocrx_word' id='word_1_235' title='bbox 1215 2495 1373 2549; x_wconf 82' lang='lat' dir='ltr'>crassost</span> 
     </span>
     <span class='ocr_line' id='line_1_24' title="bbox 207 2582 1370 2661; baseline 0.003 -19"><span class='ocrx_word' id='word_1_236' title='bbox 207 2582 382 2649; x_wconf 80' lang='lat' dir='ltr'>coldo.1b.:</span> <span class='ocrx_word' id='word_1_237' title='bbox 407 2587 530 2646; x_wconf 86' lang='lat' dir='ltr'>Vineam</span> <span class='ocrx_word' id='word_1_238' title='bbox 552 2603 609 2660; x_wconf 84' lang='lat' dir='ltr'>qao</span> <span class='ocrx_word' id='word_1_239' title='bbox 630 2588 664 2646; x_wconf 85' lang='lat' dir='ltr'>ia</span> <span class='ocrx_word' id='word_1_240' title='bbox 687 2603 760 2661; x_wconf 78' lang='lat' dir='ltr'>apro</span> <span class='ocrx_word' id='word_1_241' title='bbox 782 2590 900 2647; x_wconf 90' lang='lat' dir='ltr'>conseri</span> <span class='ocrx_word' id='word_1_242' title='bbox 923 2593 1052 2661; x_wconf 89' lang='lat' dir='ltr'>oportet,</span> <span class='ocrx_word' id='word_1_243' title='bbox 1077 2589 1119 2646; x_wconf 90' lang='lat' dir='ltr'>sic</span> <span class='ocrx_word' id='word_1_244' title='bbox 1140 2589 1306 2647; x_wconf 85' lang='lat' dir='ltr'>observato.</span> <span class='ocrx_word' id='word_1_245' title='bbox 1331 2582 1370 2648; x_wconf 88' lang='lat' dir='ltr'>C.</span> 
     </span>
     <span class='ocr_line' id='line_1_25' title="bbox 207 2683 1369 2760; baseline -0.002 -15"><span class='ocrx_word' id='word_1_246' title='bbox 207 2683 264 2745; x_wconf 88' lang='lat'>64:</span> <span class='ocrx_word' id='word_1_247' title='bbox 288 2685 364 2743; x_wconf 89' lang='lat' dir='ltr'>Nam</span> <span class='ocrx_word' id='word_1_248' title='bbox 384 2685 481 2744; x_wconf 90' lang='lat' dir='ltr'>oleum</span> <span class='ocrx_word' id='word_1_249' title='bbox 495 2703 581 2760; x_wconf 90' lang='lat' dir='ltr'>quam</span> <span class='ocrx_word' id='word_1_250' title='bbox 598 2687 686 2747; x_wconf 89' lang='lat' dir='ltr'>diutis</span> <span class='ocrx_word' id='word_1_251' title='bbox 701 2687 772 2746; x_wconf 89' lang='lat' dir='ltr'>sime</span> <span class='ocrx_word' id='word_1_252' title='bbox 784 2686 817 2743; x_wconf 88' lang='lat' dir='ltr'>ia</span> <span class='ocrx_word' id='word_1_253' title='bbox 828 2701 952 2745; x_wconf 82' lang='lat' dir='ltr'>amurca</span> <span class='ocrx_word' id='word_1_254' title='bbox 967 2690 998 2743; x_wconf 91' lang='lat' dir='ltr'>et</span> <span class='ocrx_word' id='word_1_255' title='bbox 1012 2685 1045 2742; x_wconf 83' lang='lat' dir='ltr'>io</span> <span class='ocrx_word' id='word_1_256' title='bbox 1056 2685 1190 2756; x_wconf 69' lang='lat' dir='ltr'>[combas</span> <span class='ocrx_word' id='word_1_257' title='bbox 1213 2686 1280 2757; x_wconf 87' lang='lat' dir='ltr'>erit,</span> <span class='ocrx_word' id='word_1_258' title='bbox 1303 2691 1369 2744; x_wconf 89' lang='lat' dir='ltr'>tam</span> 
     </span>
     <span class='ocr_line' id='line_1_26' title="bbox 208 2779 1370 2844; baseline 0 -4"><span class='ocrx_word' id='word_1_259' title='bbox 208 2781 401 2841; x_wconf 90' lang='lat' dir='ltr'>deterrimum</span> <span class='ocrx_word' id='word_1_260' title='bbox 417 2783 484 2841; x_wconf 89' lang='lat' dir='ltr'>erit.</span> <span class='ocrx_word' id='word_1_261' title='bbox 509 2779 543 2844; x_wconf 80' lang='grc' dir='ltr'>Ο.</span> <span class='ocrx_word' id='word_1_262' title='bbox 562 2786 604 2844; x_wconf 86' lang='grc'>1.;</span> <span class='ocrx_word' id='word_1_263' title='bbox 628 2786 670 2844; x_wconf 89' lang='lat' dir='ltr'>sic</span> <span class='ocrx_word' id='word_1_264' title='bbox 687 2784 722 2842; x_wconf 85' lang='lat' dir='ltr'>ia</span> <span class='ocrx_word' id='word_1_265' title='bbox 736 2783 836 2842; x_wconf 81' lang='lat' dir='ltr'>animo</span> <span class='ocrx_word' id='word_1_266' title='bbox 859 2784 977 2843; x_wconf 87' lang='lat' dir='ltr'>habeto.</span> <span class='ocrx_word' id='word_1_267' title='bbox 1002 2779 1035 2844; x_wconf 82' lang='grc' dir='ltr'>Ο.</span> <span class='ocrx_word' id='word_1_268' title='bbox 1053 2785 1097 2844; x_wconf 87' lang='grc'>5.;</span> <span class='ocrx_word' id='word_1_269' title='bbox 1122 2784 1210 2842; x_wconf 89' lang='lat' dir='ltr'>scibit</span> <span class='ocrx_word' id='word_1_270' title='bbox 1224 2784 1258 2841; x_wconf 85' lang='lat' dir='ltr'>ia</span> <span class='ocrx_word' id='word_1_271' title='bbox 1272 2786 1370 2843; x_wconf 82' lang='lat' dir='ltr'>monte</span> 
     </span>
     <span class='ocr_line' id='line_1_27' title="bbox 205 2875 1369 2954; baseline 0.002 -18"><span class='ocrx_word' id='word_1_272' title='bbox 205 2875 336 2939; x_wconf 83' lang='lat' dir='ltr'>familiae</span> <span class='ocrx_word' id='word_1_273' title='bbox 360 2879 430 2953; x_wconf 93' lang='lat' dir='ltr'>quid</span> <span class='ocrx_word' id='word_1_274' title='bbox 453 2881 519 2939; x_wconf 88' lang='lat' dir='ltr'>siet.</span> <span class='ocrx_word' id='word_1_275' title='bbox 544 2877 579 2942; x_wconf 84' lang='lat' dir='ltr'>C.</span> <span class='ocrx_word' id='word_1_276' title='bbox 608 2885 650 2943; x_wconf 77' lang='lat' dir='ltr'>b:</span> <span class='ocrx_word' id='word_1_277' title='bbox 677 2882 710 2939; x_wconf 86' lang='lat' dir='ltr'>ia</span> <span class='ocrx_word' id='word_1_278' title='bbox 735 2882 858 2954; x_wconf 69' lang='lat' dir='ltr'>consopito</span> <span class='ocrx_word' id='word_1_279' title='bbox 886 2886 937 2940; x_wconf 90' lang='lat' dir='ltr'>aut</span> <span class='ocrx_word' id='word_1_280' title='bbox 962 2881 996 2939; x_wconf 86' lang='lat' dir='ltr'>io</span> <span class='ocrx_word' id='word_1_281' title='bbox 1024 2880 1098 2952; x_wconf 74' lang='lat' dir='ltr'>foco.</span> <span class='ocrx_word' id='word_1_282' title='bbox 1127 2876 1160 2941; x_wconf 83' lang='lat' dir='ltr'>C.</span> <span class='ocrx_word' id='word_1_283' title='bbox 1193 2884 1264 2942; x_wconf 81' lang='lat'>157:</span> <span class='ocrx_word' id='word_1_284' title='bbox 1294 2881 1369 2940; x_wconf 91' lang='lat' dir='ltr'>mali</span> 
     </span>
     <span class='ocr_line' id='line_1_28' title="bbox 205 2976 1369 3053; baseline 0.002 -19"><span class='ocrx_word' id='word_1_285' title='bbox 205 2977 278 3035; x_wconf 93' lang='lat' dir='ltr'>nibil</span> <span class='ocrx_word' id='word_1_286' title='bbox 302 2978 379 3037; x_wconf 88' lang='lat' dir='ltr'>sinet</span> <span class='ocrx_word' id='word_1_287' title='bbox 400 2977 434 3034; x_wconf 83' lang='lat' dir='ltr'>io</span> <span class='ocrx_word' id='word_1_288' title='bbox 457 2993 576 3051; x_wconf 80' lang='lat' dir='ltr'>corpore</span> <span class='ocrx_word' id='word_1_289' title='bbox 599 2981 774 3040; x_wconf 88' lang='lat' dir='ltr'>consistere.</span> <span class='ocrx_word' id='word_1_290' title='bbox 802 2976 864 3041; x_wconf 84' lang='lat' dir='ltr'>lb:</span> <span class='ocrx_word' id='word_1_291' title='bbox 898 2995 956 3038; x_wconf 90' lang='lat' dir='ltr'>non</span> <span class='ocrx_word' id='word_1_292' title='bbox 983 2985 1109 3052; x_wconf 90' lang='lat' dir='ltr'>possunt</span> <span class='ocrx_word' id='word_1_293' title='bbox 1136 2980 1309 3053; x_wconf 77' lang='lat' dir='ltr'>perspicere</span> <span class='ocrx_word' id='word_1_294' title='bbox 1331 2977 1369 3036; x_wconf 83' lang='lat' dir='ltr'>ia</span> 
     </span>
     <span class='ocr_line' id='line_1_29' title="bbox 205 3070 1367 3148; baseline 0.001 -16"><span class='ocrx_word' id='word_1_295' title='bbox 205 3078 262 3132; x_wconf 85' lang='lat' dir='ltr'>toto</span> <span class='ocrx_word' id='word_1_296' title='bbox 277 3089 404 3146; x_wconf 82' lang='lat' dir='ltr'>corpore.</span> <span class='ocrx_word' id='word_1_297' title='bbox 428 3070 545 3137; x_wconf 81' lang='lat' dir='ltr'>C.10.:</span> <span class='ocrx_word' id='word_1_298' title='bbox 570 3077 727 3136; x_wconf 85' lang='lat' dir='ltr'>Scamnum</span> <span class='ocrx_word' id='word_1_299' title='bbox 748 3077 782 3134; x_wconf 85' lang='lat' dir='ltr'>ia</span> <span class='ocrx_word' id='word_1_300' title='bbox 803 3076 935 3136; x_wconf 81' lang='lat' dir='ltr'>cubiculo</span> <span class='ocrx_word' id='word_1_301' title='bbox 956 3093 1055 3135; x_wconf 86' lang='lat' dir='ltr'>unum.</span> <span class='ocrx_word' id='word_1_302' title='bbox 1079 3072 1125 3137; x_wconf 92' lang='lat' dir='ltr'>Ib.</span> <span class='ocrx_word' id='word_1_303' title='bbox 1141 3077 1168 3148; x_wconf 63' lang='grc' dir='ltr'>ξ.</span> <span class='ocrx_word' id='word_1_304' title='bbox 1182 3079 1218 3137; x_wconf 85' lang='grc'>5;</span> <span class='ocrx_word' id='word_1_305' title='bbox 1240 3077 1367 3135; x_wconf 89' lang='lat' dir='ltr'>Lectum</span> 
     </span>
     <span class='ocr_line' id='line_1_30' title="bbox 205 3167 1366 3235; baseline 0.001 -6"><span class='ocrx_word' id='word_1_306' title='bbox 205 3173 238 3229; x_wconf 84' lang='lat' dir='ltr'>iu</span> <span class='ocrx_word' id='word_1_307' title='bbox 260 3173 391 3232; x_wconf 82' lang='lat' dir='ltr'>cubiculo</span> <span class='ocrx_word' id='word_1_308' title='bbox 419 3173 442 3230; x_wconf 93' lang='lat' dir='ltr'>I.</span> <span class='ocrx_word' id='word_1_309' title='bbox 468 3167 562 3234; x_wconf 71' lang='lat'>(171</span> <span class='ocrx_word' id='word_1_310' title='bbox 594 3175 629 3231; x_wconf 91' lang='lat' dir='ltr'>In</span> <span class='ocrx_word' id='word_1_311' title='bbox 657 3173 761 3233; x_wconf 91' lang='lat' dir='ltr'>eodem</span> <span class='ocrx_word' id='word_1_312' title='bbox 789 3171 888 3233; x_wconf 84' lang='lat' dir='ltr'>fundo.</span> <span class='ocrx_word' id='word_1_313' title='bbox 918 3169 952 3235; x_wconf 85' lang='lat' dir='ltr'>G.</span> <span class='ocrx_word' id='word_1_314' title='bbox 982 3175 1016 3234; x_wconf 84' lang='lat'>8:</span> <span class='ocrx_word' id='word_1_315' title='bbox 1047 3173 1135 3234; x_wconf 80' lang='lat' dir='ltr'>Ficus</span> <span class='ocrx_word' id='word_1_316' title='bbox 1166 3173 1309 3234; x_wconf 86' lang='lat' dir='ltr'>mariscas</span> <span class='ocrx_word' id='word_1_317' title='bbox 1331 3173 1366 3231; x_wconf 84' lang='lat' dir='ltr'>ia</span> 
     </span>
     <span class='ocr_line' id='line_1_31' title="bbox 204 3267 1366 3333; baseline 0.003 -7"><span class='ocrx_word' id='word_1_318' title='bbox 204 3267 264 3326; x_wconf 90' lang='lat' dir='ltr'>loco</span> <span class='ocrx_word' id='word_1_319' title='bbox 286 3275 395 3329; x_wconf 85' lang='lat' dir='ltr'>cretoso</span> <span class='ocrx_word' id='word_1_320' title='bbox 425 3276 476 3329; x_wconf 86' lang='lat' dir='ltr'>aut</span> <span class='ocrx_word' id='word_1_321' title='bbox 497 3273 658 3332; x_wconf 79' lang='lat' dir='ltr'>stercorato</span> <span class='ocrx_word' id='word_1_322' title='bbox 681 3274 784 3331; x_wconf 87' lang='lat' dir='ltr'>serito.</span> <span class='ocrx_word' id='word_1_323' title='bbox 813 3267 847 3333; x_wconf 83' lang='lat' dir='ltr'>O.</span> <span class='ocrx_word' id='word_1_324' title='bbox 873 3273 930 3333; x_wconf 84' lang='lat'>35:</span> <span class='ocrx_word' id='word_1_325' title='bbox 964 3272 1076 3332; x_wconf 83' lang='lat' dir='ltr'>Fabam</span> <span class='ocrx_word' id='word_1_326' title='bbox 1102 3273 1136 3328; x_wconf 81' lang='lat' dir='ltr'>ia</span> <span class='ocrx_word' id='word_1_327' title='bbox 1158 3270 1229 3330; x_wconf 85' lang='lat' dir='ltr'>loeis</span> <span class='ocrx_word' id='word_1_328' title='bbox 1255 3269 1366 3330; x_wconf 82' lang='lat' dir='ltr'>calidis</span> 
     </span>
     <span class='ocr_line' id='line_1_32' title="bbox 203 3367 1365 3445; baseline 0.003 -22"><span class='ocrx_word' id='word_1_329' title='bbox 203 3381 262 3423; x_wconf 84' lang='lat' dir='ltr'>noa</span> <span class='ocrx_word' id='word_1_330' title='bbox 284 3367 464 3429; x_wconf 74' lang='lat' dir='ltr'>calamitosis</span> <span class='ocrx_word' id='word_1_331' title='bbox 486 3371 588 3430; x_wconf 86' lang='lat' dir='ltr'>serito.</span> <span class='ocrx_word' id='word_1_332' title='bbox 616 3401 659 3412; x_wconf 92' lang='lat'>-</span> <span class='ocrx_word' id='word_1_333' title='bbox 688 3370 840 3445; x_wconf 81' lang='lat' dir='ltr'>siliginem</span> <span class='ocrx_word' id='word_1_334' title='bbox 871 3405 909 3417; x_wconf 88' lang='lat'><em>-</em></span> <span class='ocrx_word' id='word_1_335' title='bbox 938 3369 972 3426; x_wconf 86' lang='lat' dir='ltr'>ia</span> <span class='ocrx_word' id='word_1_336' title='bbox 994 3369 1054 3429; x_wconf 81' lang='lat' dir='ltr'>lom</span> <span class='ocrx_word' id='word_1_337' title='bbox 1075 3373 1191 3441; x_wconf 75' lang='lat' dir='ltr'>operm,</span> <span class='ocrx_word' id='word_1_338' title='bbox 1222 3369 1295 3428; x_wconf 87' lang='lat' dir='ltr'>celso</span> <span class='ocrx_word' id='word_1_339' title='bbox 1321 3399 1365 3408; x_wconf 90' lang='lat'>—</span> 
     </span>
     <span class='ocr_line' id='line_1_33' title="bbox 204 3461 1364 3538; baseline 0.002 -14"><span class='ocrx_word' id='word_1_340' title='bbox 204 3464 265 3524; x_wconf 89' lang='lat' dir='ltr'>seri</span> <span class='ocrx_word' id='word_1_341' title='bbox 293 3471 422 3538; x_wconf 87' lang='lat' dir='ltr'>oportet.</span> <span class='ocrx_word' id='word_1_342' title='bbox 464 3468 581 3526; x_wconf 88' lang='lat' dir='ltr'>Lentim</span> <span class='ocrx_word' id='word_1_343' title='bbox 609 3468 643 3525; x_wconf 85' lang='lat' dir='ltr'>io</span> <span class='ocrx_word' id='word_1_344' title='bbox 677 3467 796 3526; x_wconf 80' lang='lat' dir='ltr'>rudecto</span> <span class='ocrx_word' id='word_1_345' title='bbox 827 3467 978 3528; x_wconf 72' lang='lat' dir='ltr'>rubricoso</span> <span class='ocrx_word' id='word_1_346' title='bbox 1009 3469 1070 3527; x_wconf 83' lang='lat' dir='ltr'>loco</span> <span class='ocrx_word' id='word_1_347' title='bbox 1099 3497 1140 3506; x_wconf 94' lang='lat'>—-</span> <span class='ocrx_word' id='word_1_348' title='bbox 1168 3467 1271 3526; x_wconf 91' lang='lat' dir='ltr'>serito.</span> <span class='ocrx_word' id='word_1_349' title='bbox 1307 3461 1364 3527; x_wconf 91' lang='lat' dir='ltr'>Ib:</span> 
     </span>
     <span class='ocr_line' id='line_1_34' title="bbox 202 3560 1365 3638; baseline 0.001 -17"><span class='ocrx_word' id='word_1_350' title='bbox 202 3579 259 3634; x_wconf 80' lang='lat' dir='ltr'>qao</span> <span class='ocrx_word' id='word_1_351' title='bbox 279 3563 313 3620; x_wconf 84' lang='lat' dir='ltr'>ia</span> <span class='ocrx_word' id='word_1_352' title='bbox 335 3563 395 3622; x_wconf 87' lang='lat' dir='ltr'>loco</span> <span class='ocrx_word' id='word_1_353' title='bbox 418 3566 572 3624; x_wconf 87' lang='lat' dir='ltr'>sementim</span> <span class='ocrx_word' id='word_1_354' title='bbox 592 3571 737 3624; x_wconf 83' lang='lat' dir='ltr'>araturam</span> <span class='ocrx_word' id='word_1_355' title='bbox 758 3564 859 3624; x_wconf 86' lang='lat' dir='ltr'>facere</span> <span class='ocrx_word' id='word_1_356' title='bbox 883 3583 940 3626; x_wconf 90' lang='lat' dir='ltr'>non</span> <span class='ocrx_word' id='word_1_357' title='bbox 963 3567 1105 3638; x_wconf 88' lang='lat' dir='ltr'>potueris.</span> <span class='ocrx_word' id='word_1_358' title='bbox 1130 3560 1191 3625; x_wconf 93' lang='lat' dir='ltr'>Ib.:</span> <span class='ocrx_word' id='word_1_359' title='bbox 1217 3565 1365 3638; x_wconf 88' lang='lat' dir='ltr'>Rapinam</span> 
     </span>
     <span class='ocr_line' id='line_1_35' title="bbox 204 3657 1365 3723; baseline 0.002 -6"><span class='ocrx_word' id='word_1_360' title='bbox 204 3660 302 3717; x_wconf 84' lang='lat' dir='ltr'>-iu</span> <span class='ocrx_word' id='word_1_361' title='bbox 325 3661 384 3718; x_wconf 85' lang='lat' dir='ltr'>loco</span> <span class='ocrx_word' id='word_1_362' title='bbox 406 3665 565 3719; x_wconf 84' lang='lat' dir='ltr'>stercorato</span> <span class='ocrx_word' id='word_1_363' title='bbox 592 3663 667 3721; x_wconf 89' lang='lat' dir='ltr'>bene</span> <span class='ocrx_word' id='word_1_364' title='bbox 691 3669 743 3721; x_wconf 88' lang='lat' dir='ltr'>aut</span> <span class='ocrx_word' id='word_1_365' title='bbox 758 3663 791 3720; x_wconf 85' lang='lat' dir='ltr'>io</span> <span class='ocrx_word' id='word_1_366' title='bbox 812 3663 872 3721; x_wconf 87' lang='lat' dir='ltr'>loco</span> <span class='ocrx_word' id='word_1_367' title='bbox 894 3679 993 3722; x_wconf 84' lang='lat' dir='ltr'>crosso</span> <span class='ocrx_word' id='word_1_368' title='bbox 1016 3664 1118 3723; x_wconf 88' lang='lat' dir='ltr'>serito.</span> <span class='ocrx_word' id='word_1_369' title='bbox 1142 3657 1177 3723; x_wconf 82' lang='grc' dir='ltr'>Ο.</span> <span class='ocrx_word' id='word_1_370' title='bbox 1204 3663 1239 3722; x_wconf 88' lang='lat'>6:</span> <span class='ocrx_word' id='word_1_371' title='bbox 1263 3662 1294 3720; x_wconf 94' lang='lat' dir='ltr'>in</span> <span class='ocrx_word' id='word_1_372' title='bbox 1316 3662 1365 3720; x_wconf 90' lang='lat' dir='ltr'>bis</span> 
     </span>
     <span class='ocr_line' id='line_1_36' title="bbox 201 3754 1365 3821; baseline 0.002 -6"><span class='ocrx_word' id='word_1_373' title='bbox 201 3758 286 3818; x_wconf 90' lang='lat' dir='ltr'>locis.</span> <span class='ocrx_word' id='word_1_374' title='bbox 310 3754 372 3819; x_wconf 92' lang='lat' dir='ltr'>Ib.:</span> <span class='ocrx_word' id='word_1_375' title='bbox 407 3759 458 3817; x_wconf 89' lang='lat' dir='ltr'>Sin</span> <span class='ocrx_word' id='word_1_376' title='bbox 480 3759 515 3816; x_wconf 87' lang='lat' dir='ltr'>ia</span> <span class='ocrx_word' id='word_1_377' title='bbox 537 3759 597 3818; x_wconf 84' lang='lat' dir='ltr'>loco</span> <span class='ocrx_word' id='word_1_378' title='bbox 623 3776 721 3820; x_wconf 85' lang='lat' dir='ltr'>crosso</span> <span class='ocrx_word' id='word_1_379' title='bbox 744 3767 795 3819; x_wconf 85' lang='lat' dir='ltr'>aut</span> <span class='ocrx_word' id='word_1_380' title='bbox 817 3759 902 3819; x_wconf 85' lang='lat' dir='ltr'>coldo</span> <span class='ocrx_word' id='word_1_381' title='bbox 932 3759 1043 3819; x_wconf 86' lang='lat' dir='ltr'>severis</span> <span class='ocrx_word' id='word_1_382' title='bbox 1071 3761 1144 3821; x_wconf 88' lang='lat' dir='ltr'>cett.</span> <span class='ocrx_word' id='word_1_383' title='bbox 1167 3757 1231 3820; x_wconf 87' lang='lat' dir='ltr'>lb:</span> <span class='ocrx_word' id='word_1_384' title='bbox 1262 3758 1365 3818; x_wconf 88' lang='lat' dir='ltr'>Sicubi</span> 
     </span>
     <span class='ocr_line' id='line_1_37' title="bbox 200 3852 1365 3930; baseline 0.003 -19"><span class='ocrx_word' id='word_1_385' title='bbox 200 3854 234 3912; x_wconf 84' lang='lat' dir='ltr'>ia</span> <span class='ocrx_word' id='word_1_386' title='bbox 256 3855 303 3915; x_wconf 85' lang='lat' dir='ltr'>bis</span> <span class='ocrx_word' id='word_1_387' title='bbox 326 3855 396 3915; x_wconf 82' lang='lat' dir='ltr'>locis</span> <span class='ocrx_word' id='word_1_388' title='bbox 416 3857 500 3930; x_wconf 88' lang='lat' dir='ltr'>ripae</span> <span class='ocrx_word' id='word_1_389' title='bbox 525 3862 576 3915; x_wconf 89' lang='lat' dir='ltr'>aut</span> <span class='ocrx_word' id='word_1_390' title='bbox 597 3859 680 3916; x_wconf 89' lang='lat' dir='ltr'>locus</span> <span class='ocrx_word' id='word_1_391' title='bbox 704 3858 858 3918; x_wconf 89' lang='lat' dir='ltr'>humectus</span> <span class='ocrx_word' id='word_1_392' title='bbox 881 3859 947 3917; x_wconf 89' lang='lat' dir='ltr'>erit.</span> <span class='ocrx_word' id='word_1_393' title='bbox 972 3852 1005 3918; x_wconf 81' lang='lat' dir='ltr'>O.</span> <span class='ocrx_word' id='word_1_394' title='bbox 1027 3859 1062 3918; x_wconf 88' lang='lat'>4:</span> <span class='ocrx_word' id='word_1_395' title='bbox 1082 3857 1125 3914; x_wconf 86' lang='lat' dir='ltr'>In</span> <span class='ocrx_word' id='word_1_396' title='bbox 1146 3859 1219 3916; x_wconf 83' lang='lat' dir='ltr'>bono</span> <span class='ocrx_word' id='word_1_397' title='bbox 1235 3855 1365 3930; x_wconf 82' lang='lat' dir='ltr'>praedio</span> 
     </span>
    </p>
   </div>
   <div class='ocr_carea' id='block_1_3' title="bbox 202 3949 1462 4030">
    <p class='ocr_par' dir='ltr' id='par_1_3' title="bbox 202 3949 1462 4030">
     <span class='ocr_line' id='line_1_38' title="bbox 202 3949 1462 4030; baseline 0.002 -19"><span class='ocrx_word' id='word_1_398' title='bbox 202 3953 227 4011; x_wconf 89' lang='lat' dir='ltr'>si</span> <span class='ocrx_word' id='word_1_399' title='bbox 250 3954 325 4012; x_wconf 88' lang='lat' dir='ltr'>bena</span> <span class='ocrx_word' id='word_1_400' title='bbox 354 3953 568 4013; x_wconf 86' lang='lat' dir='ltr'>aedificaveris.</span> <span class='ocrx_word' id='word_1_401' title='bbox 598 3949 631 4015; x_wconf 84' lang='lat' dir='ltr'>(l.</span> <span class='ocrx_word' id='word_1_402' title='bbox 655 3955 710 4016; x_wconf 89' lang='lat'>88:</span> <span class='ocrx_word' id='word_1_403' title='bbox 740 3957 841 4030; x_wconf 88' lang='lat' dir='ltr'>Usque</span> <span class='ocrx_word' id='word_1_404' title='bbox 872 3957 946 4015; x_wconf 90' lang='lat' dir='ltr'>adeo</span> <span class='ocrx_word' id='word_1_405' title='bbox 977 3955 1011 4012; x_wconf 84' lang='lat' dir='ltr'>io</span> <span class='ocrx_word' id='word_1_406' title='bbox 1032 3955 1090 4016; x_wconf 83' lang='lat' dir='ltr'>sole</span> <span class='ocrx_word' id='word_1_407' title='bbox 1112 3957 1234 4028; x_wconf 87' lang='lat' dir='ltr'>habeto,</span> <span class='ocrx_word' id='word_1_408' title='bbox 1266 3955 1364 4014; x_wconf 89' lang='lat' dir='ltr'>donec</span> <span class='ocrx_word' id='word_1_409' title='bbox 1456 3987 1462 3999; x_wconf 91' lang='lat'><strong>·</strong></span> 
     </span>
    </p>
   </div>
   <div class='ocr_carea' id='block_1_4' title="bbox 198 4047 1364 4320">
    <p class='ocr_par' dir='ltr' id='par_1_4' title="bbox 198 4047 1364 4320">
     <span class='ocr_line' id='line_1_39' title="bbox 201 4047 1363 4127; baseline 0.001 -18"><span class='ocrx_word' id='word_1_410' title='bbox 201 4052 395 4110; x_wconf 87' lang='lat' dir='ltr'>concreverit.</span> <span class='ocrx_word' id='word_1_411' title='bbox 420 4047 453 4114; x_wconf 82' lang='grc' dir='ltr'>Ο.</span> <span class='ocrx_word' id='word_1_412' title='bbox 470 4053 547 4114; x_wconf 89' lang='lat'>113:</span> <span class='ocrx_word' id='word_1_413' title='bbox 572 4058 602 4110; x_wconf 90' lang='lat' dir='ltr'>et</span> <span class='ocrx_word' id='word_1_414' title='bbox 618 4069 654 4111; x_wconf 91' lang='lat' dir='ltr'>ne</span> <span class='ocrx_word' id='word_1_415' title='bbox 671 4053 738 4125; x_wconf 86' lang='lat' dir='ltr'>plus</span> <span class='ocrx_word' id='word_1_416' title='bbox 762 4053 948 4127; x_wconf 89' lang='lat' dir='ltr'>quatriduum</span> <span class='ocrx_word' id='word_1_417' title='bbox 971 4053 1005 4110; x_wconf 84' lang='lat' dir='ltr'>in</span> <span class='ocrx_word' id='word_1_418' title='bbox 1018 4053 1078 4112; x_wconf 85' lang='lat' dir='ltr'>sole</span> <span class='ocrx_word' id='word_1_419' title='bbox 1098 4055 1210 4114; x_wconf 81' lang='lat' dir='ltr'>siveris.</span> <span class='ocrx_word' id='word_1_420' title='bbox 1229 4047 1263 4114; x_wconf 81' lang='lat' dir='ltr'>O.</span> <span class='ocrx_word' id='word_1_421' title='bbox 1281 4055 1309 4125; x_wconf 86' lang='lat'>3,</span> <span class='ocrx_word' id='word_1_422' title='bbox 1325 4056 1363 4112; x_wconf 82' lang='lat'>4:</span> 
     </span>
     <span class='ocr_line' id='line_1_40' title="bbox 202 4146 1364 4221; baseline 0.003 -17"><span class='ocrx_word' id='word_1_423' title='bbox 202 4146 233 4204; x_wconf 83' lang='lat' dir='ltr'>Si</span> <span class='ocrx_word' id='word_1_424' title='bbox 255 4147 289 4204; x_wconf 83' lang='lat' dir='ltr'>in</span> <span class='ocrx_word' id='word_1_425' title='bbox 312 4151 393 4207; x_wconf 81' lang='lat' dir='ltr'>torro</span> <span class='ocrx_word' id='word_1_426' title='bbox 416 4156 447 4209; x_wconf 91' lang='lat' dir='ltr'>et</span> <span class='ocrx_word' id='word_1_427' title='bbox 469 4149 601 4210; x_wconf 82' lang='lat' dir='ltr'>tabulato</span> <span class='ocrx_word' id='word_1_428' title='bbox 622 4152 689 4209; x_wconf 90' lang='lat' dir='ltr'>olea</span> <span class='ocrx_word' id='word_1_429' title='bbox 711 4152 831 4208; x_wconf 91' lang='lat' dir='ltr'>nimium</span> <span class='ocrx_word' id='word_1_430' title='bbox 856 4150 906 4208; x_wconf 90' lang='lat' dir='ltr'>diu</span> <span class='ocrx_word' id='word_1_431' title='bbox 929 4153 996 4209; x_wconf 88' lang='lat' dir='ltr'>erit.</span> <span class='ocrx_word' id='word_1_432' title='bbox 1021 4147 1054 4211; x_wconf 81' lang='lat' dir='ltr'>C.</span> <span class='ocrx_word' id='word_1_433' title='bbox 1074 4153 1127 4212; x_wconf 87' lang='lat'>18:</span> <span class='ocrx_word' id='word_1_434' title='bbox 1149 4151 1191 4208; x_wconf 82' lang='lat' dir='ltr'>Io</span> <span class='ocrx_word' id='word_1_435' title='bbox 1210 4149 1250 4210; x_wconf 83' lang='lat' dir='ltr'>iis</span> <span class='ocrx_word' id='word_1_436' title='bbox 1272 4149 1364 4221; x_wconf 62' lang='lat' dir='ltr'>dcam</span> 
     </span>
     <span class='ocr_line' id='line_1_41' title="bbox 198 4241 1363 4320; baseline 0.002 -18"><span class='ocrx_word' id='word_1_437' title='bbox 198 4241 332 4316; x_wconf 89' lang='lat' dir='ltr'>parietes</span> <span class='ocrx_word' id='word_1_438' title='bbox 355 4249 494 4308; x_wconf 87' lang='lat' dir='ltr'>extruite.</span> <span class='ocrx_word' id='word_1_439' title='bbox 519 4244 553 4308; x_wconf 83' lang='lat' dir='ltr'>O.</span> <span class='ocrx_word' id='word_1_440' title='bbox 578 4249 631 4308; x_wconf 83' lang='lat'>67:</span> <span class='ocrx_word' id='word_1_441' title='bbox 659 4247 700 4304; x_wconf 85' lang='lat' dir='ltr'>Ia</span> <span class='ocrx_word' id='word_1_442' title='bbox 722 4247 882 4305; x_wconf 78' lang='lat' dir='ltr'>torculario</span> <span class='ocrx_word' id='word_1_443' title='bbox 905 4256 934 4306; x_wconf 88' lang='lat' dir='ltr'>et</span> <span class='ocrx_word' id='word_1_444' title='bbox 956 4247 989 4304; x_wconf 85' lang='lat' dir='ltr'>ia</span> <span class='ocrx_word' id='word_1_445' title='bbox 1012 4248 1086 4306; x_wconf 84' lang='lat' dir='ltr'>cello</span> <span class='ocrx_word' id='word_1_446' title='bbox 1109 4254 1213 4308; x_wconf 84' lang='lat' dir='ltr'>caveat</span> <span class='ocrx_word' id='word_1_447' title='bbox 1236 4247 1363 4320; x_wconf 81' lang='lat' dir='ltr'>diligen-</span> 
     </span>
    </p>
   </div>
   <div class='ocr_carea' id='block_1_5' title="bbox 0 0 1534 4766">
    <p class='ocr_par' dir='ltr' id='par_1_5' title="bbox 0 0 1534 4766">
     <span class='ocr_line' id='line_1_42' title="bbox 0 0 1534 4766; baseline 0 5"><span class='ocrx_word' id='word_1_448' title='bbox 0 0 1534 4766; x_wconf 95' lang='lat' dir='ltr'> </span> 
     </span>
    </p>
   </div>
  </div>
 </body>
</html>
