3064 4754
450 245 538 287 CASUS
553 245 821 287 uuusrlurlvouull.
834 267 859 278 ··-
874 245 1013 286 decussa.
1243 250 1301 310 191

148 417 317 501 cogitatio,
345 418 378 485 iu
406 436 469 499 qua
497 418 655 486 obiectum
682 418 864 486 directionis
891 419 957 484 tole
984 419 1136 498 apparet,
1172 413 1304 494 quoda

147 517 290 584 subiecto
326 523 442 597 agente
475 520 614 598 ponatur
645 517 691 582 ita
730 520 766 580 ut
798 517 892 598 plane
925 515 1098 582 secundum
1136 509 1304 576 arbitrium

148 633 243 680 sunm
266 613 345 680 illud
368 614 469 696 eligat
490 618 524 680 et
549 614 597 678 ita
623 619 743 680 utnon
771 631 903 679 necesse
930 613 973 679 sit
1000 609 1156 677 rationem
1184 605 1308 673 habere

146 711 208 788 rei,
242 727 325 792 quae
354 711 421 778 sive
449 711 647 778 extrinsecus
674 713 741 778 sive
769 729 808 776 ex
835 709 988 792 singulari
1017 707 1150 774 actionis
1188 709 1304 769 natura

148 806 383 889 proficiscatur3
406 808 493 874 illum
509 807 734 890 cogitationem
750 810 830 888 dico,
852 826 946 890 quarn
961 807 1166 886 designamus
1177 800 1303 866 nomine

148 909 272 976 conatii,
297 911 457 982 propositi,
481 908 566 987 quod
588 925 651 972 uon
674 906 929 973 confundendum
951 909 1004 970 est
1025 921 1095 968 cum
1119 917 1224 966 causa.
1252 896 1304 962 Sic

146 1002 209 1068 huc
232 1009 359 1084 spectat
381 1021 458 1070 usus
483 1003 628 1085 gerundii
652 1022 723 1070 cum
746 1009 786 1066 od
801 1021 946 1086 praepos.
970 999 1140 1080 coniuncti,
1163 997 1213 1078 (ut
1231 999 1304 1057 dare

146 1104 186 1162 ud
208 1104 441 1177 defendendum,
475 1122 640 1178 propensas
663 1105 704 1166 ud
725 1105 912 1179 docendam),
943 1099 1058 1166 deinde
1085 1114 1164 1162 usus
1198 1091 1304 1172 supini

147 1200 179 1264 iu
208 1221 259 1262 cm
290 1199 472 1266 desinentis.
522 1199 701 1279 Utrumque
728 1216 929 1281 nequaquam
957 1199 1039 1264 idem
1061 1199 1111 1260 est
1132 1199 1229 1275 atque
1252 1208 1303 1256 aa·

153 1297 315 1364 curativus
338 1295 482 1376 termini,
511 1296 567 1362 sed
590 1297 701 1378 unque
722 1297 753 1362 ei
775 1297 943 1377 analogum
967 1300 1001 1360 et
1022 1293 1194 1375 figuratum
1218 1293 1304 1366 (cou-

148 1394 268 1472 silium,
298 1395 382 1475 quod
405 1393 568 1473 sequimur
589 1394 621 1458 iu
644 1400 749 1475 motu,
777 1394 862 1475 quod
885 1393 997 1473 supino
1020 1389 1222 1472 exprimitur,
1256 1385 1303 1450 ita

146 1492 255 1556 differt
276 1509 296 1555 a
319 1492 454 1556 termino
476 1490 553 1568 loci,
580 1490 716 1556 utillud
739 1492 868 1556 notione
895 1489 1068 1571 qualitatis
1091 1486 1152 1550 huo
1174 1483 1302 1564 quanti·
1347 1546 1351 1556 ,

147 1589 225 1654 tatis
249 1589 431 1670 cogitetur).
478 1587 648 1654 Obiectum
671 1589 854 1654 directionis
882 1587 1015 1652 alterius
1039 1583 1165 1666 generis
1187 1582 1218 1645 iu
1241 1581 1301 1645 hoc

148 1705 265 1768 genere
288 1691 420 1768 praeter
442 1685 505 1752 alia
525 1702 663 1766 persona
685 1689 735 1751 est
757 1686 824 1750 sive
846 1703 912 1764 res,
942 1703 1024 1766 quae
1047 1681 1208 1747 notionem
1230 1695 1303 1759 per·

147 1801 242 1848 sonae
265 1783 383 1861 induit,
414 1777 515 1864 quarn
532 1782 653 1865 eligens
676 1783 854 1850 subiectum
883 1783 943 1848 sibi
966 1783 1049 1846 viam
1071 1777 1163 1860 quasi
1186 1774 1302 1841 cousti-

145 1881 224 1959 tuit,
254 1898 319 1961 qua
339 1881 422 1945 aetio
445 1897 657 1962 progressura
679 1881 735 1960 sit,
763 1899 827 1963 qna
849 1879 986 1946 eflicitur
1009 1877 1123 1959 igitur,
1153 1878 1191 1939 nt
1219 1872 1302 1937 actio

148 1997 211 2044 nou
235 1978 337 2042 solum
354 1975 423 2042 fieri
445 1979 556 2058 possit,
580 1979 635 2044 sed
660 1978 754 2044 etiam
771 1977 873 2044 fiatet
892 1976 1091 2059 propositum
1115 1996 1207 2044 suum
1229 1991 1303 2038 cou-

152 2081 315 2156 sequatur.
359 2075 448 2140 Haec
471 2075 554 2140 enim
576 2093 723 2156 persona,
747 2095 806 2156 per
828 2094 924 2157 quam
946 2075 1065 2155 aliquid
1088 2073 1157 2142 ficri
1171 2065 1301 2153 ¹cogita-

147 2178 215 2254 tur,
244 2173 382 2255 primum
404 2191 467 2238 nou
489 2190 547 2253 pro
569 2173 781 2240 instrumento
815 2177 882 2239 vita
905 2179 1033 2239 carente
1063 2173 1163 2254 accipi
1185 2173 1301 2251 potest

148 2277 259 2352 utpote
283 2270 368 2350 quod
384 2274 509 2335 tautum
524 2270 557 2334 in
571 2271 792 2337 animadverso
808 2278 894 2337 statu
912 2273 1079 2350 appareat,
1103 2271 1159 2335 sed
1175 2269 1301 2334 omnino

150 2369 211 2433 nisi
234 2369 359 2434 actione
382 2367 541 2433 obiectum
563 2365 633 2433 fieri
655 2385 719 2433 uou
740 2373 857 2448 potest,
881 2371 944 2447 qud
959 2386 994 2432 re
1010 2366 1168 2432 ablativus
1183 2366 1302 2430 instru-

145 2467 245 2532 menti
275 2465 308 2529 in
335 2465 395 2530 hoc
417 2482 537 2546 genere
566 2465 716 2546 usurpari
737 2484 799 2530 nou
821 2468 942 2545 potest3
977 2463 1090 2529 deiude
1121 2462 1207 2528 notio
1230 2479 1302 2541 per·

148 2581 245 2629 sonae
268 2580 331 2626 uon
355 2561 428 2628 talis
452 2567 510 2640 est,
534 2579 615 2642 quae
638 2563 701 2626 iam
724 2564 757 2626 in
779 2563 849 2642 ipsa
870 2570 986 2628 natura
1008 2560 1141 2626 actionis
1164 2559 1302 2626 subiecti

147 2661 349 2726 contineatur
372 2664 406 2723 et
428 2659 472 2724 sic
494 2659 557 2723 iam
580 2659 655 2724 data
678 2660 848 2724 statuenda
870 2659 922 2737 sit,
946 2677 983 2724 ex
996 2659 1111 2738 quibus
1123 2655 1183 2721 hoc
1199 2673 1300 2736 genus

147 2758 209 2822 huc
232 2758 395 2838 pertinere
415 2757 662 2822 demonstratur.
686 2755 898 2836 coniungitur
919 2761 1026 2820 autem
1042 2771 1196 2834 personae
1212 2752 1299 2816 notio

149 2855 180 2920 in
202 2855 262 2920 hoc
278 2873 396 2938 genere
412 2873 483 2921 cum
499 2853 812 2935 praepositionem
837 2858 870 2918 et
892 2852 991 2918 sicubi
1014 2870 1121 2919 rerum
1143 2848 1298 2914 voeabula

144 2953 202 3018 tali
223 2953 317 3018 modo
341 2957 550 3032 usurpantur,
583 2951 671 3016 velut
687 2971 745 3026 prr
767 2955 890 3026 tadmor,
913 2969 969 3026 per
990 2955 1116 3016 iusidias
1140 2956 1223 3031 cett,
1253 2969 1301 3029 ea,

150 3066 213 3129 qua
235 3051 328 3115 ruodo
352 3048 646 3128 demonstravimus,
669 3049 793 3114 ratione
815 3048 855 3114 ob
871 3047 934 3126 illo,
959 3049 1297 3130 quodsupraallatum

150 3153 209 3226 est,
225 3168 283 3223 per
304 3152 457 3223 ipsaniam
480 3151 512 3210 et
534 3146 690 3212 similibus
713 3146 921 3211 discernenda
944 3149 1026 3210 suut.

231 3245 401 3324 Reliquum
429 3248 480 3308 est
507 3249 543 3310 ιιι
564 3247 683 3325 agatur
710 3244 749 3308 de
772 3243 953 3309 accusativo
982 3243 1222 3324 progressionis.
1268 3242 1300 3308 si

143 3342 175 3406 iu
198 3342 261 3407 hoc
295 3360 410 3423 genere
438 3342 596 3407 obiectum
623 3345 768 3404 naturam
798 3341 932 3405 actionis
962 3342 1159 3407 constituens
1186 3341 1302 3406 asub-

144 3439 229 3506 iecto
253 3441 293 3506 ad
316 3439 485 3505 arbitrium
510 3457 601 3504 suum
625 3438 684 3502 sibi
710 3437 843 3502 electum
868 3437 908 3502 ad
927 3438 1143 3518 praedicatum
1165 3437 1298 3514 accedit,

149 3554 245 3617 quum
271 3555 354 3602 nunc
378 3553 533 3602 summum
558 3536 649 3615 quasi
671 3533 833 3614 fastigium
862 3551 933 3599 sese
958 3535 1145 3615 explicantis
1168 3535 1302 3600 actionis

148 3640 314 3715 appareat,
339 3631 407 3698 fieri
430 3651 492 3697 nou
516 3638 635 3712 potest,
667 3633 742 3714 quin
768 3630 925 3696 obiectum
953 3633 1032 3698 illud
1061 3633 1152 3711 plane
1179 3633 1300 3698 servire

146 3737 279 3812 cogatur
301 3731 375 3796 huic
398 3730 516 3794 actioni
539 3737 570 3796 et
599 3731 744 3796 omnibus
768 3746 806 3792 cx
828 3729 975 3808 partibus
998 3731 1038 3796 ab
1062 3749 1099 3795 ea
1122 3731 1213 3809 quasi
1236 3727 1302 3793 affi-

148 3829 260 3895 cietur.
300 3828 370 3905 Quo
394 3825 445 3906 fit,
470 3832 508 3890 ut
530 3847 594 3892 uno
617 3847 688 3894 cum
712 3831 906 3911 cogitatione
930 3829 1064 3894 actionis
1087 3827 1247 3892 liberrime
1271 3834 1304 3890 et

146 3926 381 4006 perfectissima
405 3926 527 3990 ratione
557 3943 592 3990 se
616 3926 802 4006 explicantis
830 3929 927 3992 etiem
954 3927 987 3992 id
1011 3931 1084 3990 ante
1107 3923 1214 3990 oculos
1244 3940 1300 4001 po·

142 4029 240 4089 natur
263 4023 349 4088 etin
372 4022 512 4088 medium
534 4023 625 4102 quasi
647 4021 844 4103 proferatur,
879 4025 964 4104 quod
998 4021 1137 4088 naturali
1165 4020 1301 4100 quodam

142 4121 237 4186 modo
262 4121 290 4184 ei
314 4127 364 4186 est
387 4120 591 4200 contrarium,
614 4122 707 4201 plane
729 4121 869 4201 pendere
893 4121 963 4186 dico
986 4120 1026 4184 ab
1042 4118 1095 4181 illa
1111 4122 1144 4182 et
1167 4133 1301 4197 prorsus

141 4219 221 4302 pati,
246 4223 280 4282 et
294 4225 331 4283 ut
353 4217 529 4284 subiectum
553 4217 594 4282 sit
609 4235 713 4298 causa,
736 4237 793 4284 cur
816 4219 974 4285 obiectum
997 4216 1147 4298 patiatur.
1173 4214 1205 4278 Si
1220 4213 1301 4276 haec
