3064 4754
65 231 70 238 ·
156 291 160 300 1
216 251 278 308 236
644 239 794 282 suuntur.
812 240 876 282 GAP.
890 242 932 283 ΙΙΙ.

216 418 246 492 2,
270 417 304 479 3:
337 432 434 491 neque
456 431 547 490 quom
569 417 604 476 oi
632 431 696 474 rem
722 415 815 489 eieci,
847 416 907 476 iem
940 416 1044 478 hebeo.
1089 413 1187 479 Mene.
1209 413 1235 493 I,
1261 420 1288 493 1,
1311 420 1371 480 37:

214 513 302 574 Nune
329 530 383 574 ιοι
412 514 452 572 mi
477 513 568 574 iresei
596 514 632 572 ot
661 513 880 586 mmmmm
908 530 967 574 non
989 513 1084 573 decet.
1129 510 1167 590 V,
1191 515 1220 587 2,
1244 517 1298 576 66:
1333 516 1373 576 ob

216 610 313 670 istene
337 611 480 671 nuntium.
527 607 565 687 V,
589 614 619 687 4,
644 608 890 672 seobronum
907 641 945 652 -·
962 609 1150 672 industriam,
1195 607 1233 688 V,
1262 615 1291 688 4,
1315 614 1372 674 31:

215 707 252 768 ob
275 707 352 767 hene
374 709 521 768 iniuriam.
567 703 682 770 Geeoil.
706 705 786 770 Stet.
809 703 963 784 Chrysion
992 723 1021 768 v.
1046 711 1104 770 23:
1139 710 1176 768 ob
1206 725 1271 768 eum
1297 723 1373 770 rem.

214 801 343 866 Terent.
367 801 466 866 Andr.
490 801 550 880 III,
574 806 603 881 5,
625 807 662 865 4:
682 806 815 864 Pretium
838 806 872 864 ob
894 803 1051 864 stultitiam
1074 803 1148 866 iero.
1192 802 1273 866 Eun.
1293 801 1319 880 I,
1342 807 1361 866 2

215 904 270 964 91:
293 899 335 961 Oi
359 903 432 962 sarr
453 901 536 973 torto
559 902 611 962 ebs
634 907 665 962 te
686 918 820 976 spernor.

299 999 439 1072 Propter.
484 994 580 1060 Ennii
603 995 805 1061 Andromeda
825 994 862 1060 ir.
888 1001 922 1060 7:
945 1006 1071 1072 propter
1095 1005 1135 1060 ts.
1179 995 1275 1060 Ennii
1295 997 1375 1076 Epi-

215 1092 363 1158 charmus
378 1091 416 1156 fr.
435 1099 464 1171 7,
486 1110 514 1155 v.
535 1098 589 1156 ll:
612 1097 713 1155 Heeee
736 1101 870 1170 propter.
915 1092 1020 1157 Pleut.
1036 1092 1153 1158 Bacch.
1168 1093 1225 1172 IV,
1247 1098 1275 1172 9,
1294 1097 1373 1157 109;

213 1194 311 1269 Quom
337 1195 459 1264 propter
486 1197 600 1251 tentum
628 1192 727 1252 damni
755 1191 815 1252 feei
837 1199 868 1252 et
897 1192 1001 1267 flagiti.
1046 1189 1118 1254 Aul.
1146 1189 1201 1270 IV,
1235 1195 1284 1270 10,
1316 1195 1372 1256 56:

213 1291 305 1366 Qmem
320 1289 556 1362 morosioris
579 1293 644 1350 euri
666 1296 781 1350 tentum
803 1290 922 1364 perdidi
944 1288 1063 1362 infelix,
1094 1291 1192 1350 miser.
1238 1288 1319 1352 Rud.
1343 1286 1371 1368 1,

215 1389 244 1462 2,
269 1389 325 1450 39:
362 1387 438 1446 Nem
455 1391 580 1460 propter
604 1389 667 1447 eins
696 1387 776 1448 modi
799 1404 858 1462 ego
884 1388 964 1447 viros
991 1387 1056 1447 rivo
1083 1388 1188 1461 miser,
1222 1386 1263 1450 ad
1292 1403 1321 1465 q.
1349 1385 1370 1449 l.

212 1480 337 1548 Lemb.:
369 1499 486 1561 „opere
507 1487 541 1546 et
563 1481 657 1562 culpe
680 1481 792 1546 talium
813 1479 986 1546 virorum.“
1032 1499 1059 1545 v.
1086 1486 1124 1546 61
1149 1499 1211 1562 sq.:
1242 1485 1284 1545 Ut
1304 1501 1371 1546 mee

213 1582 357 1655 opiniost,
379 1582 509 1654 Propter
529 1583 611 1642 riom
631 1582 677 1642 illi
700 1588 769 1642 sunt
789 1583 888 1642 voeuti
910 1582 948 1640 ed
970 1581 1143 1655 prandium,
1165 1578 1238 1644 vide
1260 1580 1368 1644 adnot.

191 1663 245 1739 ¹in
268 1674 317 1740 ed.
338 1675 470 1741 Teubm.
493 1677 536 1756 II,
562 1681 591 1755 6,
617 1681 670 1739 12:
701 1681 792 1754 Qmem
809 1683 933 1752 propter
954 1680 1010 1739 hoo
1032 1679 1105 1736 mihi
1127 1680 1235 1754 optigit
1257 1681 1370 1740 misero

211 1775 291 1836 meli.
329 1772 368 1851 V,
394 1779 422 1853 3,
446 1778 501 1838 55:
524 1778 615 1852 Quem
629 1780 752 1848 proptor
773 1782 806 1836 tu
828 1777 958 1836 vidulum
981 1782 1012 1834 et
1039 1793 1094 1851 ego
1117 1783 1236 1852 gnatam
1261 1777 1360 1836 inveni

211 1869 308 1934 Mero.
330 1868 388 1949 IV,
410 1875 443 1950 4,
466 1875 521 1935 32:
554 1875 640 1933 Nune
667 1891 768 1932 rerum
795 1891 850 1946 ego
877 1874 952 1932 illud
979 1875 1098 1934 verbum
1129 1891 1196 1934 esse
1229 1877 1368 1948 experior

212 1975 312 2029 vetus:
346 1970 467 2044 Aliquid
490 1971 560 2029 meli
588 1985 654 2030 esse
671 1975 796 2043 proptor
821 1971 951 2030 oiotmrtm
980 1970 1100 2030 mamm.
1145 1968 1238 2034 True.
1260 1969 1315 2046 IV,
1340 1975 1369 2046 3,

210 2068 268 2128 48:
304 2067 397 2126 Video
418 2073 464 2143 te,
492 2071 614 2140 propter
640 2067 802 2138 malefacto
829 2066 904 2143 qni’s
932 2074 1077 2141 petronus
1106 2069 1230 2142 parieti!
1274 2067 1369 2131 Most.

213 2161 251 2239 V,
275 2166 305 2240 2,
331 2166 389 2226 34:
413 2164 542 2236 Propter
564 2181 599 2223 ee
619 2180 694 2236 quoe
717 2164 799 2224 feeit.
843 2161 941 2226 Mero.
957 2161 999 2240 H,
1024 2167 1052 2240 3,
1076 2167 1133 2226 81:
1156 2175 1281 2239 propter
1304 2183 1371 2224 eum

213 2258 334 2341 (tinget
357 2256 529 2340 botieibtn).
573 2277 602 2322 v.
627 2263 705 2324 955:
729 2263 858 2334 Propter
879 2262 985 2320 istene.
1030 2278 1060 2322 v.
1085 2264 1162 2324 959:
1185 2268 1310 2336 propter
1332 2263 1369 2322 il-

213 2359 281 2418 lum.
327 2355 454 2421 Terent.
478 2356 606 2420 Phorm.
628 2356 688 2435 III,
715 2363 742 2434 l,
767 2361 800 2420 5:
828 2359 945 2432 Nequid
962 2364 1085 2431 propter
1107 2363 1189 2418 tuem
1211 2361 1298 2430 fidem
1321 2359 1371 2418 de-

214 2461 303 2529 eepte
325 2462 481 2529 poteretur
504 2459 582 2517 meli.
627 2453 763 2533 Adelph.
784 2452 823 2532 V,
847 2457 875 2532 9,
902 2457 954 2519 35:
981 2458 1063 2529 Quae
1086 2474 1137 2516 vos
1154 2461 1278 2528 propter
1300 2457 1373 2532 eder-

214 2553 380 2612 lesemtimn
401 2554 503 2613 Minus
524 2554 642 2615 ridetis.

302 2650 361 2710 Per
381 2648 509 2712 modurn
533 2649 722 2728 exprimens.
767 2648 904 2713 Hessius
926 2648 967 2712 ed
987 2647 1162 2727 Reisigiurn
1186 2647 1292 2712 sdnet.
1310 2651 1371 2712 565

212 2742 306 2808 effert
337 2744 441 2809 Plaut.
475 2744 565 2827 Oept.
599 2745 663 2822 ΙΙΙ,
698 2753 733 2826 5,
772 2751 825 2811 32:
863 2749 920 2821 Qui
948 2763 1006 2820 per
1038 2747 1177 2808 virtutem
1210 2749 1304 2822 perit,
1339 2753 1371 2807 et

213 2862 272 2904 non
297 2842 349 2918 [is]
379 2845 491 2904 interit.
535 2842 600 2906 Mil.
628 2843 683 2921 IV,
710 2850 735 2920 l,
767 2848 821 2908 32:
860 2847 918 2905 Vin
946 2850 979 2903 tu
1013 2846 1094 2904 illem
1129 2851 1259 2904 eetutum
1290 2862 1370 2904 erno·

214 2959 299 3013 rere,
338 2957 356 3000 a
387 2947 417 3002 te
452 2950 486 3002 ut
521 2945 610 3004 ebeet
638 2960 693 3016 per
725 2944 876 3016 gretiam?
923 2944 959 3017 3,
991 2943 1046 3004 32:
1083 2943 1154 3015 quin
1183 2944 1283 3017 potius
1315 2959 1371 3016 per

211 3040 343 3112 gratim
364 3040 488 3099 Bomom
510 3043 598 3100 sbest
620 3059 674 3115 sps
698 3049 736 3100 te.
782 3045 811 3114 5,
837 3045 868 3101 i:
902 3039 987 3112 Quod
1010 3041 1103 3111 volui,
1133 3046 1166 3098 ut
1188 3042 1284 3113 volni,
1317 3043 1371 3098 irn-

210 3139 343 3210 petrsri:
367 3154 422 3208 per
454 3139 617 3196 omisitiom
644 3144 675 3196 et
700 3139 832 3210 pretinm
862 3137 902 3212 [A
934 3155 981 3195 me
1013 3143 1046 3196 nt
1073 3135 1194 3212 obest}
1242 3135 1369 3200 Terent.

212 3230 345 3311 Adelph.
369 3231 434 3310 III,
469 3238 502 3310 2,
538 3237 591 3296 10:
627 3236 682 3294 Oui
713 3237 839 3295 miserae
874 3235 994 3308 indigne
1018 3251 1074 3308 per
1105 3235 1166 3294 oim
1194 3237 1296 3295 vitium
1319 3236 1371 3294 ob-

213 3331 335 3395 tuleret.
380 3328 515 3408 Adelph.
544 3328 587 3408 II,
613 3335 640 3408 3,
664 3335 721 3394 20:
745 3333 803 3392 Per
825 3334 1038 3406 oppressionem
1060 3339 1093 3393 ut
1116 3333 1193 3392 hene
1217 3335 1289 3390 mihi
1311 3334 1372 3390 eri-

213 3443 286 3501 pere
309 3429 451 3503 postulet.
771 3487 774 3494 .

298 3527 348 3586 52.
377 3524 407 3588 b.
430 3525 628 3588 Aoousatioos
647 3529 871 3602 progressionis.
915 3549 944 3590 α.
970 3526 1004 3588 st
1027 3526 1103 3586 aetio
1126 3527 1169 3584 est
1182 3523 1371 3596 proiectior.

216 3619 254 3683 In
275 3619 335 3683 hoe
358 3639 476 3700 genere
504 3623 641 3701 primurn
668 3623 800 3687 verbum
831 3624 1032 3688 coniunctum
1063 3637 1132 3684 esse
1160 3621 1269 3697 potest
1298 3635 1371 3681 eum
1458 3625 1462 3632 '

213 3716 337 3780 obiecto
360 3717 502 3781 eiusdem
526 3719 637 3800 stirpis
660 3725 757 3800 etque
781 3721 921 3802 originis.
966 3717 1061 3783 Ennii
1088 3716 1124 3780 ir.
1156 3715 1230 3779 libri
1252 3714 1369 3779 inserti

213 3818 268 3878 60:
303 3817 423 3892 regredi
446 3835 592 3893 gressum
636 3817 730 3882 Ennii
752 3817 938 3898 Iphigeniae
969 3815 1006 3880 ir.
1030 3821 1060 3894 4,
1085 3833 1112 3877 v.
1137 3818 1213 3878 259:
1247 3822 1371 3889 praeter

211 3919 338 3988 impiet
357 3915 452 3974 ritem
474 3916 595 3976 rimmr.
640 3914 744 3979 Pleut.
762 3915 827 3978 Mil.
843 3914 885 3990 II,
901 3919 931 3992 4,
947 3919 1003 3977 47:
1026 3916 1068 3975 Ut
1090 3914 1129 3974 ed
1151 3915 1182 3974 id
1204 3915 1372 3987 exemplum

211 4013 357 4072 somniem
379 4013 529 4073 mmsimile
550 4015 717 4073 somniarit.
762 4012 845 4076 Rnd.
868 4010 928 4088 ΙΙΙ,
953 4015 980 4090 1,
1005 4015 1037 4074 5:
1075 4013 1193 4074 Mirum
1215 4017 1304 4085 etque
1326 4011 1372 4067 im-

210 4109 316 4172 sritmr
337 4111 483 4170 sonnium
504 4113 656 4172 somniem
704 4109 818 4174 Pseud.
842 4109 867 4188 Ι,
892 4115 921 4186 5,
948 4111 1020 4172 110:
1055 4113 1140 4170 Prius
1171 4124 1257 4184 quem
1283 4109 1374 4167 trimi

204 4225 341 4281 pugnem
359 4211 509 4282 mignoio.
543 4207 667 4286 «Amph.
684 4205 710 4284 Ι,
738 4212 763 4281 l,
787 4211 842 4270 97:
865 4209 951 4269 Hero
973 4210 1018 4270 illi
1041 4211 1068 4268 ri
1086 4211 1225 4282 mmmmm
1241 4205 1376 4278 pimmest
