3040 4758
212 267 253 325 30
650 259 806 300 66666666.
829 257 892 297 cnr.
906 257 948 296 ιιι.

214 433 248 494 66
269 429 398 494 Terent.
421 431 538 496 Heaut.
561 431 599 508 V,
628 437 659 510 4,
685 436 737 496 10:

254 543 320 609 GH.
343 551 384 607 At
404 563 469 622 ego,
495 550 521 608 si
543 565 589 608 me
606 550 723 621 meluis,
746 563 845 610 mores
862 565 932 607 cure
949 549 980 606 in
1001 553 1031 605 te
1048 563 1114 606 esse
1136 547 1211 606 istos
1234 545 1369 604 sentiam.

253 641 315 708 GL.
341 645 442 718 Quos?
479 641 598 707 cmst
621 647 776 718 sciretis,
800 647 982 720 egodicam:
1016 659 1116 716 perro,
1149 643 1247 709 iners,
1274 641 1371 713 frans,

1055 740 1161 806 helluo,

342 837 452 906 (iunco,
476 838 644 900 damnosae.

211 949 302 1014 Adde
317 949 396 1015 Hec.
411 949 471 1030 Ill,
499 955 525 1031 1,
550 954 568 1013 6
594 953 699 1030 (quem
715 951 819 1016 locum
832 937 971 1016 afferunt
985 950 1089 1014 Rudd.
1106 967 1136 1029 p.
1151 953 1222 1014 389.
1245 947 1369 1014 Schulz.

211 1066 258 1129 gr.
282 1048 336 1112 lat.
359 1067 389 1128 p.
407 1051 479 1127 666,
502 1048 585 1123 aliil:
608 1051 683 1109 Nam
705 1070 879 1113 aesomnes
902 1053 1008 1128 quibus
1033 1057 1080 1109 est
1102 1051 1238 1108 alicunde
1262 1050 1368 1123 aliquis

211 1149 344 1207 obiectus
368 1149 461 1220 labos,
487 1150 580 1208 Omne
605 1150 683 1222 quod
707 1157 754 1210 est
776 1153 893 1210 interea
915 1159 1032 1223 tempus
1056 1149 1138 1222 prius
1163 1163 1249 1221 quam
1272 1146 1302 1203 id
1326 1162 1373 1204 re-

213 1247 349 1306 scitumst
372 1248 502 1317 lucrost,
527 1242 596 1321 ubi,
620 1249 656 1306 ut
678 1250 766 1310 recte
789 1244 956 1310 Schulzius
986 1244 1078 1322 dicit,
1111 1242 1247 1322 primum
1270 1238 1371 1303 voluit

211 1339 330 1404 dicere:
355 1345 438 1401 lucro
455 1344 641 1415 apponimus,
665 1342 721 1405 sed
738 1343 812 1422 quia
827 1344 934 1407 verbis
958 1361 1042 1404 omne
1067 1343 1145 1417 quod
1167 1354 1250 1400 nova
1273 1337 1371 1400 series

212 1437 442 1502 sententiarum
455 1436 574 1517 incipit,
597 1437 660 1500 iam
675 1441 815 1518 priorem
831 1439 966 1520 negligit
980 1439 1114 1518 loquens
1130 1443 1164 1500 et
1179 1434 1372 1500 enunciatio-

211 1553 283 1598 nem
306 1535 353 1597 ita
377 1530 527 1597 adfinem
549 1535 706 1614 perducit,
729 1537 820 1616 quasi
844 1557 929 1598 omne
953 1540 1029 1614 quod
1052 1535 1095 1598 sit
1117 1533 1295 1597 subiectum
1319 1549 1373 1610 po·

212 1633 370 1698 tissimum
395 1631 626 1695 enunciatiouis
648 1637 681 1695 et
708 1634 815 1712 pergit
829 1635 884 1711 its,
907 1633 997 1711 quasi
1020 1650 1082 1696 non
1105 1652 1159 1693 nos
1182 1649 1293 1703 omnes,
1317 1627 1373 1692 sed

212 1735 297 1792 uobis
320 1731 454 1790 omuibus
478 1727 602 1790 dixerit.
648 1727 748 1791 Recte
764 1729 957 1808 Bipontinus
978 1729 1032 1807 ait,
1056 1733 1183 1808 poetam
1206 1726 1236 1790 h.
1259 1726 1279 1789 l.
1296 1744 1371 1789 ana·

215 1825 342 1892 colutho
370 1823 425 1887 illo
453 1823 549 1885 animi
577 1824 853 1902 perturbationem
876 1825 1032 1905 Pamphili
1060 1825 1212 1890 scientem
1243 1823 1371 1886 imitari.

213 1925 319 1988 Minus
343 1919 475 1984 offendit
497 1920 577 1983 Eun.
600 1921 680 2001 prol.
703 1941 731 1986 v.
760 1927 797 1986 10
820 1941 905 2002 sqq.:

382 2042 481 2111 Atque
505 2038 534 2093 in
558 2037 732 2098 Thensauro
755 2042 886 2115 scripsit,
911 2058 1029 2100 causam
1054 2041 1153 2098 dicere

384 2135 469 2194 Prius
493 2134 570 2192 unde
592 2136 716 2209 petitur,
741 2156 843 2197 aurum
868 2158 926 2214 qua
948 2155 981 2197 re
1006 2138 1045 2195 sit
1068 2155 1160 2208 suom,

382 2234 474 2304 Quam
497 2231 559 2289 illic
581 2234 631 2306 qui
653 2236 740 2334 petit,
765 2236 841 2296 unde
865 2238 890 2296 is
914 2237 952 2295 sit
975 2237 1153 2293 thensaurus
1175 2235 1242 2306 sibi,

214 2347 344 2412 ubit
293 2352 344 2410 rat
345 2346 376 2408 io
400 2343 607 2424 grammatica
629 2349 711 2406 11166
736 2348 823 2411 videt
811 2354 863 2412 tur
882 2354 955 2430 post
943 2347 1057 2425 tulare,
1081 2345 1194 2409 sed
1158 2353 1194 2409 u
1215 2352 1285 2411 rect
1287 2365 1304 2410 e
1271 2347 1373 2411 6611-

215 2446 258 2508 616
246 2445 437 2517 6,1)666666
461 2447 511 2503 666
535 2445 638 2505 niente
663 2445 841 2509 addendum
867 2445 989 2520 (11666,Ι
981 2448 1086 2508 rttau
1072 2443 1187 2508 thaec
1211 2443 1253 2507 sit
1276 2462 1375 2508 6666-

215 2542 309 2605 616616
326 2538 515 2603 secundaria
531 2538 630 2618 quasi,
654 2557 750 2619 quam
765 2543 861 2623 vulgo
878 2543 988 2606 dicunt
1004 2542 1254 2606 subordinatum.
1293 2541 1373 2604 Eun

215 2638 253 2719 V,
278 2644 308 2719 8,
333 2644 388 2702 33:

342 2749 407 2812 PH.
441 2754 521 2824 Quor
541 2772 611 2826 orgo
635 2755 664 2811 16
690 2756 787 2814 histo
812 2754 970 2826 conspicor
992 2751 1183 2826 regionibus?

342 2846 437 2909 THR.
463 2852 552 2909 Vobis
575 2851 678 2920 fretus,

217 2962 365 3026 obicum
391 2961 596 3025 Schmiedero
620 2961 791 3025 Thrasonis
814 2961 1005 3036 orationem,
1044 2979 1114 3024 666
1145 2960 1295 3025 66666116
1317 2962 1372 3024 ad·

217 3060 294 3124 dere
317 3058 423 3138 vellet,
446 3077 464 3121 a
487 3059 645 3122 Phaedria
668 3060 881 3137 interruptam
906 3077 976 3121 6666
1000 3067 1087 3136 puto.

304 3161 331 3220 6.
370 3160 526 3218 Vocatiuos
556 3157 692 3236 primurn
724 3157 790 3219 sino
819 3155 1094 3219 interiectionibus
1122 3163 1308 3234 usurpatur,
1340 3160 1378 3219 66

218 3254 378 3317 aCaione
407 3271 457 3332 ap.
490 3253 666 3317 Charisium
696 3272 715 3332 p
760 3257 831 3314 143:
869 3255 938 3313 Vua
966 3258 1050 3313 deum
1080 3259 1303 3326 immortalium,
1339 3251 1375 3316 cf.

217 3351 339 3431 Meyer.
364 3369 409 3413 or.
434 3350 524 3414 Rom.
548 3350 660 3430 fragm.
685 3370 716 3430 p
743 3349 1015 3412 1506666111616.
1041 3348 1377 3413 (1166166116606

219 3449 300 3512 tonis
324 3448 496 3526 scriptaet
519 3447 750 3558 fragrnentap
776 3453 852 3513 214.
877 3447 968 3524 adq
992 3446 1010 3507 l.
1036 3447 1181 3510 Statilius
1203 3447 1376 3510 Maximus:

215 3542 398 3623 Εκφώνησις
422 3538 547 3623 ἀρχαϊκὴ
570 3537 657 3615 61ςῶ
681 3541 787 3606 πόποι.
835 3544 1075 3622 Ρ166166.Α111[)11
1100 3544 1146 3623 ΙΙ,
1171 3551 1238 3613 ‘hl
1225 3549 1299 3607 1;90
1338 3547 1376 3602 Di

219 3647 403 3703 inmortales.
450 3640 522 3704 Ter.
548 3643 644 3705 Andr.
670 3643 706 3718 V
731 3648 759 3719 6,
788 3648 837 3705 1οε
873 3645 1019 3713 Charine,
1044 3596 1214 3718 utrobique
1238 3641 1305 3702 sine
1328 3639 1376 3701 in-

219 3740 402 3803 errectrone
414 3737 610 3802 Fleckeisen.
642 3739 768 3803 Terent.
787 3741 884 3802 Andr.
902 3739 943 3817 11,
967 3743 996 3814 6,
1020 3743 1051 3800 2:
1077 3743 1167 3808 Dave,
1191 3744 1226 3799 ut
1249 3737 1378 3815 scripsit

219 3836 372 3900 Fleckeis.
411 3835 447 3897 ln
464 3835 546 3898 hanc
562 3854 628 3897 rem
646 3836 739 3900 docet
755 3837 981 3900 Fleckeisenus
1005 3835 1036 3898 in
1052 3835 1155 3898 Iahnii
1177 3853 1247 3896 nor.
1272 3833 1376 3896 annal.

218 3933 327 4013 philol.
354 3936 434 3996 1856
462 3951 492 4011 p.
511 3937 582 4010 686,
607 3933 858 3996 interiectionem
883 3954 899 3994 0
923 3934 1066 3996 vocativo
1090 3933 1240 4008 additam,
1264 3929 1378 3992 616116

221 4048 367 4093 sermone
391 4031 550 4093 concitato
575 4041 606 4094 et
629 4036 695 4093 turn
720 4048 845 4108 semper
867 4030 957 4092 initio
981 4031 1151 4107 sermonis,
1185 4029 1226 4091 ab
1249 4046 1310 4090 usu
1332 4025 1378 4089 lo-

220 4127 336 4206 quendi
362 4126 478 4206 dialogi
501 4145 633 4206 prorsus
656 4127 789 4190 alienam
813 4145 891 4189 esse.
926 4126 1054 4190 Deinde
1072 4127 1167 4191 variis
1190 4126 1307 4188 additis
1331 4123 1378 4186 in-

221 4223 468 4288 teriectionibus,
494 4225 632 4287 Disserit
644 4224 683 4286 de
701 4222 760 4286 hac
771 4243 807 4286 re
819 4223 1059 4287 Ruddimanuus
1076 4243 1107 4302 p.
1119 4227 1190 4286 316.
1207 4227 1269 4287 338
1282 4225 1314 4286 66
1331 4238 1377 4299 sq.
