3064 4754
241 269 301 330 190
680 257 833 298 SUBSTANT.
855 259 916 300 ΟΑΡ.
933 260 974 302 111.

239 433 335 498 etiam
358 436 442 512 tum,
465 447 535 498 cum
558 430 637 498 haec
659 432 757 498 verba
780 433 925 512 sequitur
942 431 1122 498 enuntiatio
1138 447 1158 493 a
1172 430 1394 498 coniunctione

237 534 315 606 quod
328 529 481 610 incipiens
501 531 589 604 (cum
602 546 666 610 quo
680 547 743 594 non
767 528 1022 596 confundendum
1043 535 1093 594 est
1107 527 1167 594 hoc
1182 531 1261 604 quod
1282 545 1343 607 per
1357 545 1390 594 se

238 628 340 694 solnm
373 631 568 708 spectatum,
599 626 697 706 quod,
726 633 763 692 ut
793 626 888 707 paulo
919 632 993 691 ante
1021 633 1305 692 commemoratum
1333 633 1394 704 est,

238 725 364 790 omnino
386 724 451 790 tule
473 729 618 805 apparet,
642 724 727 803 quod
749 724 875 790 actione
899 723 1027 788 demum
1050 721 1197 790 effectum
1221 723 1296 800 sit),
1321 739 1391 786 cum

237 824 311 887 talis
346 821 527 887 enunciatio
564 839 691 902 semper
717 821 786 886 vice
824 819 976 901 iungatur
1008 822 1109 898 vocis,
1147 838 1227 902 quae
1262 837 1391 884 causam

237 926 342 986 status
363 919 458 1000 primi
480 917 662 1000 significans
693 919 756 984 iem
779 923 875 984 autea
907 918 940 982 in
962 919 1087 984 actione
1115 919 1252 984 extabat.
1300 916 1393 981 Actio

236 1018 409 1097 receptiva,
432 1022 470 1081 ut
491 1035 530 1082 ex
547 1017 596 1098 iis,
619 1034 701 1096 quae
724 1015 818 1081 modo
841 1016 987 1094 diximus
1003 1021 1102 1096 patet,
1118 1015 1210 1081 iacile
1232 1011 1271 1077 fit
1284 1031 1394 1095 repro·

237 1114 381 1194 ductiva,
410 1115 495 1195 quod
518 1114 653 1179 maxime
676 1114 879 1194 perspicuum
908 1119 958 1178 est
983 1115 1015 1178 in
1044 1114 1152 1180 verbis
1183 1111 1291 1192 qualia
1318 1117 1390 1174 sunt

237 1215 323 1287 olere,
341 1231 444 1287 sapere
459 1214 509 1290 (ut
525 1216 585 1274 olet
596 1213 775 1290 aequarat,
791 1212 846 1275 ubi
861 1211 1020 1276 obiectum
1036 1211 1100 1276 tale
1117 1214 1290 1292 spectatur,
1308 1208 1390 1288 quod
1497 1265 1498 1290 ,

237 1310 275 1374 ad
297 1309 397 1389 ipsam
413 1308 569 1374 actionem
584 1310 753 1389 pertineat.
775 1308 835 1387 Sic,
858 1315 894 1374 ut
909 1309 972 1374 iam
987 1310 1114 1390 saepius
1137 1308 1282 1383 diximus,
1307 1304 1390 1370 actio

238 1406 426 1488 productiva
450 1411 483 1470 et
503 1409 666 1490 receptiva
686 1407 770 1471 inter
786 1426 829 1486 ,se
852 1411 1074 1487 permutantur
1093 1411 1127 1473 et
1148 1405 1389 1487 permiscentur.

323 1504 434 1584 Usque
458 1503 561 1568 adhuc
583 1504 709 1570 obiecta
731 1507 803 1570 data
825 1504 1056 1583 spectavimus,
1083 1503 1114 1567 h.
1139 1523 1166 1569 e.
1189 1502 1280 1579 talia,
1309 1517 1390 1579 quae

237 1602 301 1666 iam
324 1606 398 1666 ante
421 1601 546 1665 initium
569 1601 703 1666 actionis
729 1601 761 1665 in
790 1602 859 1666 eins
890 1606 1005 1666 natura
1031 1603 1137 1682 posita
1159 1605 1266 1677 erant,
1295 1595 1388 1662 etad

239 1717 321 1778 quae
337 1697 578 1779 complectenda
593 1699 772 1763 subiectum
789 1699 915 1778 cogitur
937 1699 1038 1779 quasi,
1061 1699 1205 1778 quamvis
1221 1699 1292 1777 ipsa
1307 1694 1388 1760 actio

236 1795 369 1874 efficiat,
406 1802 442 1861 ut
470 1796 526 1861 illa
552 1795 678 1860 obiecta
707 1815 726 1858 a
758 1815 791 1860 se
820 1796 988 1876 pendeant.
1035 1797 1179 1862 Alterum
1212 1813 1313 1874 genus
1341 1798 1389 1855 est

236 1911 359 1970 eorum,
396 1894 451 1957 ubi
480 1911 542 1958 non
572 1911 611 1958 ea
639 1894 743 1973 posita
771 1901 861 1970 sunt,
899 1912 981 1974 quae
1014 1893 1078 1958 iam
1110 1895 1143 1957 in
1169 1894 1240 1972 ipsa
1271 1897 1388 1955 natura

236 1991 369 2055 actionis
392 1991 595 2056 continentur
611 1991 790 2068 quibusque
810 1991 889 2056 haec
905 1999 1021 2057 natura
1035 1996 1110 2056 ante
1125 1992 1234 2056 oculos
1251 1990 1387 2068 ponitur,
1498 2027 1499 2030 =

236 2087 294 2152 sed
316 2087 370 2152 ubi
393 2088 517 2152 obiecto
541 2088 666 2152 demum
689 2095 805 2152 natura
828 2089 896 2153 eius
920 2088 1105 2169 explicetur.
1129 2088 1167 2152 In
1189 2088 1249 2151 hoo
1272 2104 1387 2166 genere

236 2185 415 2250 subiectum
439 2203 499 2249 non
513 2185 586 2262 iam,
610 2190 646 2249 ut
667 2192 771 2256 antea,
794 2186 940 2266 exiguam
957 2187 1153 2252 obiectorum
1170 2184 1388 2266 eligendorum

234 2281 333 2346 habet
355 2286 565 2362 potestatem,
604 2284 660 2348 sed
684 2283 877 2348 liberrimam
899 2285 985 2348 inter
1005 2301 1114 2348 omnes
1136 2301 1203 2362 res,
1232 2301 1314 2362 quae
1337 2299 1388 2346 en-

236 2384 322 2459 tant;
345 2381 502 2445 actionem
525 2397 614 2446 suam
639 2387 824 2447 convertere
854 2386 963 2462 potest
985 2397 1174 2461 quocunque
1196 2380 1280 2460 vult,
1307 2380 1389 2442 inter

240 2477 365 2542 obiecta
383 2476 559 2557 praedicati
582 2478 725 2557 recipere
747 2479 800 2542 vel
823 2497 861 2542 ex
884 2479 1068 2559 praedicato
1090 2477 1268 2560 producere
1282 2479 1389 2556 potest

237 2590 458 2653 quemcunque
481 2581 514 2639 et
528 2575 739 2655 quodeunque
762 2577 839 2641 vult.
868 2577 1013 2658 Apparet
1035 2576 1068 2640 'm
1090 2576 1152 2642 hoc
1174 2593 1291 2656 genere
1314 2573 1386 2638 snb·

234 2671 352 2736 iactum
380 2671 535 2738 actionem
570 2691 659 2738 suam
688 2673 845 2752 explicare
875 2674 1048 2740 liberrime.
1093 2674 1141 2739 Ao
1162 2671 1264 2736 videri
1286 2671 1389 2750 possit

234 2768 294 2834 hoc
323 2773 425 2835 totum
454 2769 623 2836 discrimen
654 2772 737 2837 inter
768 2773 929 2837 obiectum
952 2770 1061 2836 datum
1091 2771 1224 2848 attale,
1262 2768 1388 2849 quoda

238 2867 381 2932 subiecto
410 2868 581 2932 secundum
606 2869 772 2934 arbitrium
795 2887 887 2934 suum
911 2869 1066 2950 eligatur,
1090 2867 1239 2934 subtilius
1263 2870 1389 2946 excogi-

237 2969 341 3028 tatum
366 2981 436 3030 esse
460 2981 552 3043 quam
576 2967 693 3045 verius,
715 2983 810 3044 posse
834 2967 917 3030 enim
939 2967 971 3032 in
995 2967 1101 3046 priore
1125 2982 1242 3046 genere
1258 2981 1387 3029 accusa·
1499 3043 1500 3052 ἵ

232 3061 332 3126 tivum
355 3059 415 3126 loci
438 3061 492 3140 qni
514 3063 635 3142 petitur
656 3067 803 3140 (Romam,
826 3069 859 3126 lu
878 3067 1015 3140 Imitare)
1038 3063 1090 3128 vel
1112 3063 1144 3128 iu
1168 3062 1271 3128 altero
1295 3078 1387 3124 accu-

237 3159 389 3238 sativum,
427 3161 482 3238 qui
510 3161 685 3240 respondet
711 3161 751 3226 ad
781 3162 1063 3243 interrogationem
1091 3160 1253 3237 quotenus?
1290 3158 1401 3238 (lenis

234 3259 274 3316 od
301 3259 517 3336 eremitatem),
551 3276 614 3322 non
640 3260 745 3324 minus
776 3260 934 3324 obiectum
962 3259 1147 3325 asubiecto
1182 3275 1220 3320 ex
1252 3255 1386 3321 arbitrio

236 3370 293 3416 suo
317 3353 451 3418 electum
480 3371 574 3433 quam
602 3355 711 3421 datum
743 3356 932 3436 significare.
978 3358 1024 3421 Ac
1051 3356 1162 3436 negari
1190 3371 1253 3418 non
1279 3357 1388 3432 potest

233 3467 328 3529 posse
350 3467 419 3513 rom
441 3451 487 3514 ita
509 3453 610 3533 accipi
632 3461 667 3518 et
688 3456 904 3520 accusativum
933 3455 1009 3533 loci,
1039 3455 1094 3535 qui
1121 3453 1258 3534 petitur,
1286 3455 1386 3514 meta-

232 3547 363 3627 phorice
392 3548 432 3611 ad
461 3548 492 3612 id
521 3567 637 3630 genus,
673 3551 758 3630 quod
790 3571 872 3616 nuuc
906 3559 1102 3632 opertanea,
1136 3567 1230 3631 posse
1262 3545 1384 3612 referri.

232 3644 354 3708 Verum
370 3645 546 3710 enimvero
570 3655 695 3712 nonest
716 3649 978 3730 obliviscendum,
1001 3650 1104 3715 locum
1125 3654 1158 3712 et
1175 3653 1312 3727 tempus,
1335 3649 1383 3708 ut·

235 3747 310 3820 pote
334 3759 415 3820 quae
438 3741 502 3806 sint
528 3746 694 3822 generales
715 3744 836 3812 formae
865 3753 898 3814 et
927 3747 1124 3814 conditiones
1156 3745 1294 3810 cuiusvis
1321 3743 1384 3808 exi·

233 3838 383 3918 stantiae,
405 3840 480 3904 item
499 3857 568 3904 eam
587 3861 654 3906 rem
678 3860 760 3923 quae
775 3846 808 3909 in
823 3847 1004 3911 accusativo
1019 3845 1148 3925 ponitur
1168 3841 1384 3921 respondente

231 3937 272 4001 ad
292 3935 576 4016 interrogationem
599 3943 778 4021 quotenusl,
810 3945 958 4022 quoniam
979 3944 1051 4023 ipsa
1072 3941 1196 4007 actione
1225 3939 1289 4002 iam
1312 3956 1384 4003 cou-

233 4035 391 4113 tinentur,
426 4052 555 4100 necesse
576 4053 647 4104 esse
670 4054 797 4119 semper
818 4041 1016 4106 voluntatem
1038 4037 1174 4106 subiecti
1195 4037 1228 4100 in
1251 4055 1285 4100 se
1309 4035 1384 4100 diri·

232 4149 319 4211 gere,
343 4131 389 4196 ita
405 4137 441 4196 ut
457 4131 530 4199 huic
549 4135 651 4200 solum
667 4137 752 4202 intra
774 4137 862 4217 ipsos
877 4136 955 4205 fines
977 4139 1104 4204 illarum
1120 4158 1228 4206 rarum
1247 4136 1384 4219 eligendi

231 4228 388 4307 quaedam
405 4235 548 4310 potestas
564 4233 764 4299 concedatur.
788 4235 896 4300 Nihilo
912 4241 1020 4300 tamen
1043 4237 1146 4302 secius
1163 4243 1212 4302 est
1227 4235 1383 4317 quaedam
