3070 4758
481 273 570 316 OASUS
585 273 855 316 shannamvoastl.
870 291 894 306 ι-
910 273 1043 316 ΌΔΤΝΠΒ.
1269 285 1332 346 Μ

179 460 203 508 a
227 443 369 523 quietem
392 443 540 529 inveniat,
560 447 608 514 ite
628 446 896 513 tumsnutillatl
923 447 1106 514 incursum
1129 445 1201 514 vtae
1222 465 1332 525 proca·

178 541 308 606 dentem
329 558 392 607 non
414 544 559 625 recipiat,
583 562 648 626 qno
668 545 772 609 oritur
793 547 898 610 statm
920 561 1016 625 quem
1038 542 1181 626 generali
1202 544 1332 610 notione

172 641 409 715 propinquitatis
435 641 650 723 designamus.
700 641 815 708 Omnia
849 641 950 707 verba
985 641 1172 721 etreliqua
1204 642 1332 721 praedi-

178 739 266 813 cata,
294 753 377 816 quae
404 737 487 802 hanc
510 739 691 819 generalem
714 739 876 804 notionem
898 737 1032 819 habent,
1055 738 1229 803 admittunt
1250 739 1332 804 dati·

176 849 252 898 vum
275 833 400 914 obiecti,
436 833 469 900 in
493 852 556 915 quo
577 837 662 902 actio
690 853 822 902 movens
849 833 946 900 finem
967 835 1117 902 inveniat.
1163 835 1255 910 Quod
1276 836 1332 902 ob·

177 928 298 994 iactum
321 930 602 1014 completumque
624 933 713 998 locus
736 934 788 1013 sit,
819 934 870 999 cui
894 932 1072 999 subiectum
1095 933 1332 1014 appropinquat

176 1029 234 1090 aut
260 1027 473 1108 propinquum
501 1035 568 1108 est,
604 1031 741 1112 primum
774 1029 867 1096 nohis
895 1028 955 1095 hoc
988 1031 1021 1097 iu
1049 1047 1166 1112 genere
1192 1032 1329 1110 apparet

175 1122 303 1189 dativus
326 1123 472 1204 effectam
509 1127 558 1193 sin
581 1133 770 1208 spectantur
791 1127 933 1194 rationes
955 1127 1053 1209 spatii
1074 1143 1156 1208 quaa
1179 1127 1209 1192 ei
1229 1127 1329 1192 inter·

176 1221 297 1286 cedunt
324 1239 395 1288 cum
425 1223 496 1289 aliis
518 1224 629 1303 rebor,
658 1225 803 1306 inprimis
823 1224 956 1305 talibus,
993 1241 1077 1304 quae
1104 1241 1260 1305 personae
1286 1224 1329 1288 si-

176 1316 411 1398 gnificationem
433 1320 567 1401 habent,
592 1322 718 1388 danum
741 1324 839 1388 ctiam
869 1339 941 1388 esso
970 1326 1079 1403 potest
1099 1339 1255 1402 personae
1278 1319 1329 1386 cui

177 1415 319 1482 studium
342 1422 402 1484 est.
446 1418 543 1484 Notio
572 1421 847 1502 appropinquandi
882 1421 993 1501 augeri
1020 1425 1127 1500 potest
1163 1418 1329 1499 usquead

176 1514 457 1596 consociationem,
495 1534 577 1597 quae
604 1523 673 1582 tum
710 1523 761 1583 est
792 1514 925 1584 effectus
961 1517 1095 1584 actionis
1118 1515 1330 1598 separationis

176 1615 307 1693 statum,
332 1613 385 1694 qui
409 1619 505 1679 antea
527 1613 596 1691 tuit,
619 1615 737 1680 sensim
760 1614 902 1681 tollentis
924 1619 958 1680 et
980 1614 1139 1681 obiectum
1161 1613 1260 1679 dativi
1275 1614 1330 1678 acl·

177 1708 293 1774 sciscit.
338 1709 439 1776 Porro
462 1711 647 1792 saepissime
671 1712 762 1790 sitne,
784 1730 879 1794 quem
902 1711 1080 1778 subiectum
1103 1709 1200 1777 habet
1222 1711 1254 1775 in
1269 1709 1329 1776 hec

176 1805 414 1887 propinquitate
437 1808 488 1874 vel
504 1808 736 1874 consociatione
760 1813 979 1890 comparatum
1002 1826 1074 1874 cum
1097 1808 1223 1874 obiecto
1239 1813 1330 1874 extra

174 1907 288 1984 posito,
313 1905 419 1971 verbis
441 1925 513 1972 cum
529 1906 821 1987 praepositionibus
843 1905 1049 1972 directionem
1065 1905 1324 1987 exprimentibus,

175 2000 263 2066 velut
286 2004 335 2083 od,
357 2005 399 2072 tu,
420 2006 508 2084 tuter,
530 2007 594 2084 aab,
620 2022 718 2080 supa,
746 2003 817 2069 aliis
841 2003 1024 2084 compositis
1046 2003 1227 2068 accuratius
1249 1999 1327 2068 defi·

172 2098 272 2178 uitur,
297 2099 380 2164 unde
402 2097 440 2165 iit
462 2107 499 2165 ut
519 2099 597 2165 talia
619 2100 717 2166 verba
738 2119 807 2167 cam
830 2101 938 2166 dativo
961 2100 1206 2181 coniungantur.
1234 2097 1328 2165 Gom·

173 2197 516 2263 memorandae-etiam
539 2203 616 2263 sunt
637 2198 817 2279 permultae
853 2195 1099 2279 significationes
1136 2196 1197 2263 loci
1228 2201 1329 2264 meta·

173 2292 338 2372 phorima,
373 2311 456 2374 quae
484 2296 655 2377 praecipue
693 2297 725 2360 in
751 2296 801 2360 his
827 2295 949 2374 verbis,
984 2294 1040 2360 sed
1070 2295 1167 2360 etiarn
1195 2293 1227 2360 in
1257 2292 1328 2358 aliis

176 2390 389 2456 inveniuntur.
415 2425 451 2438 —
477 2391 628 2473 Tempori
654 2392 850 2472 designando
876 2392 1004 2457 dativus
1026 2392 1129 2456 minus
1150 2396 1246 2469 aptus
1269 2392 1328 2468 est,

175 2504 366 2568 quamquam
394 2489 528 2570 cogitem
552 2496 670 2570 potest
716 2488 808 2566 Quod
829 2489 967 2568 denique
999 2489 1038 2554 ad
1062 2486 1329 2569 comparationem

178 2585 406 2666 magnitudinis
428 2587 552 2665 attinet,
575 2586 637 2652 huc
660 2590 786 2666 spectat
806 2587 933 2652 dativus
948 2587 1135 2652 coniunctus
1151 2601 1223 2649 cum
1237 2601 1330 2664 prae-

175 2681 299 2763 dicatis,
321 2683 355 2749 in
376 2701 512 2764 quorum
535 2681 764 2766 significatione
786 2683 962 2750 similitudo
981 2693 1016 2748 et
1036 2682 1217 2762 aequalitas
1235 2681 1329 2761 inest,

175 2797 258 2860 quaa
280 2787 430 2848 accurate
452 2781 645 2863 praedicatis
671 2782 769 2860 spatii
796 2786 830 2847 et
852 2779 1095 2848 consociationis
1125 2777 1328 2859 respondeat,

175 2877 223 2942 ita
249 2882 287 2943 ut
309 2879 503 2946 constructio
540 2881 640 2946 dativi
667 2881 802 2946 eandem
839 2895 970 2946 causam
1006 2875 1124 2942 habeat
1152 2877 1329 2954 eodemque

174 2972 381 3042 fundamento
410 2977 540 3044 nitatur.
585 2978 624 3044 In
653 2977 762 3044 dativo
792 2994 863 3044 culn
879 2977 1039 3054 pressae,
1062 2981 1222 3054 rumpam,
1243 2977 1329 3048 'poct-

176 3075 283 3146 cocao,
303 3073 458 3142 similibus
483 3075 651 3142 coniuncto
665 3074 759 3142 facile
781 3073 970 3155 metaphora
996 3090 1015 3136 a
1036 3072 1140 3152 spatio
1160 3069 1262 3152 petita
1278 3086 1328 3134 co-

176 3171 287 3251 gnosci
308 3177 425 3253 potest.

544 3354 566 3407 I.
601 3353 747 3410 Dativua
771 3353 964 3424 qualitatis.

261 3466 311 3526 60.
356 3480 385 3528 a.
418 3465 552 3528 Datioua
573 3468 699 3540 effectis.
745 3461 1212 3530 &tremescentem
1229 3461 1331 3536 pecori

174 3569 207 3624 at
231 3563 372 3624 marmus
404 3567 513 3624 carata
563 3560 709 3626 Pertinet
740 3560 802 3626 hnc
836 3561 934 3628 etiam
965 3559 1083 3626 locutio
1114 3575 1216 3622 cocao
1250 3558 1330 3618 molo

177 3674 260 3738 quae
281 3657 444 3724 invenitur
466 3658 589 3739 aliquot
611 3657 690 3724 locis
711 3658 882 3741 Plautinis,
910 3675 1102 3740 quamquam
1128 3654 1275 3722 Ruddim.
1297 3672 1327 3736 p.

175 3758 236 3819 215
268 3754 301 3818 in
329 3771 367 3820 eo
389 3759 468 3818 cralo
496 3773 555 3836 pro
582 3755 722 3821 ablativo
744 3756 850 3822 habat.
895 3756 977 3823 Sunt
998 3760 1107 3821 autem
1129 3754 1171 3819 hi.
1213 3751 1329 3818 Bacch.

173 3851 200 3932 1,
224 3857 253 3930 2,
277 3857 332 3918 39:
357 3857 486 3932 Omitte,
507 3857 604 3932 Ludo,
627 3873 663 3918 ao
684 3873 756 3918 coco
775 3856 862 3919 molo.
897 3854 995 3922 LUD.
1030 3855 1118 3931 Quo,
1140 3869 1209 3915 oooa
1230 3852 1330 3912 mdo?

175 3949 266 4014 Pars.
287 3949 346 4029 Ill,
374 3957 399 4028 l,
422 3955 481 4016 41:
504 3954 590 4014 Halo
611 3971 717 4018 maara
734 3957 856 4018 meliust
878 3960 918 4017 te.
954 3950 1042 4016 Pers.
1065 3950 1104 4028 V,
1127 3953 1157 4027 2,
1181 3953 1236 4014 54:
1260 3965 1331 4013 coac

175 4050 217 4110 sia
239 4049 318 4109 matu
341 4066 431 4125 ergo..
466 4048 547 4114 Ruti.
579 4048 635 4130 IV,
654 4056 686 4129 4,
707 4055 766 4116 45:
811 4052 889 4116 Oura
911 4053 998 4112 malo.
1043 4046 1127 4112 Meu.
1150 4044 1193 4126 Π,
1219 4051 1247 4126 1,
1270 4049 1329 4112 nt:

174 4144 328 4208 mamacas
350 4148 438 4212 aiulo.
472 4144 610 4212 ,Terent
636 4147 717 4212 Eun.
738 4147 794 4226 lv,
819 4153 848 4225 7,
875 4150 926 4212 12:
969 4148 1053 4221 tuam
1074 4145 1133 4206 sihi
1152 4145 1233 4206 cauit
1251 4146 1328 4208 loco.

172 4237 278 4306 Plaut.
313 4239 430 4306 Boou.
462 4241 523 4322 ΠΙ,
546 4247 576 4322 6,
596 4250 656 4310 ac:
701 4248 873 4322 Occuporas
898 4253 964 4307 tuta
991 4239 1083 4317 [ipsa]
1112 4258 1214 4304 amara
1235 4247 1267 4302 at
1287 4238 1330 4301 ati
