3004 4764
452 270 491 310 tv.
519 269 689 310 Pnououtun
704 267 952 308 tuunnuonnutvh.
1213 271 1274 330 393

211 461 237 510 e.
260 447 319 524 Qui
340 446 477 508 effiminat
498 445 558 507 loco
577 447 713 521 positam.
750 443 816 508 Liv.
834 439 1004 506 Andronic.
1025 458 1075 519 ap.
1093 437 1189 504 Prisc.
1205 435 1278 518 VH,

125 557 156 622 p.
181 546 257 607 752:
285 545 335 618 qai
357 543 451 606 festus
474 545 561 606 dies?
606 541 708 606 Plaut.
731 539 844 621 Amph.
873 538 899 620 I,
925 544 951 618 1,
977 543 1008 602 l:
1053 539 1111 616 Qui
1132 555 1178 597 me
1201 541 1279 598 ulter

126 648 172 704 est
195 643 336 704 audacior
358 643 442 701 homo
464 649 516 703 aut
537 644 588 718 qui
610 641 806 704 confidentior
827 639 892 698 -l
913 634 1171 714 Aul.IV,9,17:
1208 636 1280 713 Qui-

126 753 194 801 nam
229 739 314 800 homo
341 739 389 799 hic
420 745 488 800 cute
516 741 598 801 aedis
628 745 745 801 nostras
773 739 887 799 eiulans
910 736 1103 812 conqueritur
1124 733 1281 795 moerens?

122 835 219 902 Most.
257 835 312 915 IV,
346 839 376 914 2,
410 840 464 900 45:
508 837 705 900 Philolaches,
742 829 1109 909 punctationem?
1152 830 1278 894 Terent.

125 933 221 998 Andr.
244 933 270 1014 Ι,
299 939 327 1013 1,
352 935 426 996 127:
469 936 528 1011 Qui
549 935 640 1010 igitur
660 937 783 996 relictus
807 942 853 995 est
876 932 1052 1009 obiurgandi
1075 930 1175 992 heus?
1197 927 1279 992 Eun.

123 1031 150 1112 I,
177 1037 204 1112 l,
228 1037 285 1096 21:
309 1035 419 1095 sentiet
440 1034 493 1106 pot
513 1034 561 1092 uir
583 1035 665 1094 siem.

211 1127 233 1194 f.
270 1131 350 1208 Qaa'd
381 1131 557 1192 ubstantiae?
590 1131 650 1191 loco
677 1131 815 1205 positam.
861 1125 940 1191 Ceto
967 1125 1005 1189 R.
1029 1125 1065 1190 R.
1089 1144 1114 1189 o.
1138 1128 1171 1187 2:
1209 1126 1282 1200 pota

127 1231 229 1308 operis
258 1232 315 1291 siet
340 1229 465 1300 iactum,
499 1229 572 1302 notu
597 1235 701 1289 restet.
747 1225 809 1291 lb.:
849 1236 879 1288 et
901 1225 973 1299 qaid
993 1225 1105 1285 iactum
1126 1225 1197 1298 vini,
1220 1223 1280 1283 iru.

125 1330 219 1389 menti
242 1329 423 1403 aliarumque
451 1345 551 1388 rerum
573 1328 708 1388 omniurn.
730 1322 809 1388 Cato
831 1323 871 1387 ad
893 1321 1036 1387 Marcum
1058 1318 1157 1384 filium
1180 1319 1281 1396 (Lion.

123 1443 154 1506 p.
195 1428 235 1489 46
264 1440 330 1503 sqq.
352 1422 479 1488 Iordau.
512 1441 542 1503 p.
567 1424 619 1499 77)
643 1441 693 1502 ap.
730 1421 810 1486 Plin.
833 1420 908 1486 hist.
931 1424 996 1484 uut.
1020 1424 1074 1498 29,
1104 1423 1138 1482 7:
1177 1421 1282 1479 Dicam

125 1527 163 1585 de
193 1525 258 1585 istis
286 1525 410 1584 Graecis
438 1541 491 1584 suo
518 1525 601 1599 loco,
638 1524 741 1583 Meroe
771 1521 829 1596 fili,
867 1521 939 1593 qaid
959 1521 1086 1580 Athenis
1106 1517 1284 1593 exquisitum

129 1623 263 1695 habeam,
287 1629 318 1682 et
340 1621 417 1694 qood
438 1623 545 1681 bouum
567 1622 606 1680 sit
627 1622 745 1681 illorum
768 1621 885 1679 litteras
905 1620 1064 1692 inspicere,
1086 1633 1145 1676 uon
1166 1616 1282 1690 perdis·

126 1738 206 1781 cere.
250 1717 353 1783 Plaut.
383 1715 468 1780 Trin.
497 1715 541 1795 V,
576 1718 610 1795 2,
639 1719 696 1780 45:
740 1717 885 1792 Quidnam
909 1714 1028 1776 idest?
1070 1711 1168 1776 Poen.
1191 1709 1229 1788 V,
1253 1717 1284 1784 4,

128 1821 181 1880 68:
219 1818 292 1892 qaid
323 1817 353 1878 id
391 1823 437 1876 est
466 1815 558 1875 furti?
595 1814 652 1887 (sic
683 1811 791 1892 Both,
829 1813 918 1893 App
951 1814 1020 1888 quid
1051 1813 1083 1871 id
1105 1811 1177 1873 furti
1201 1812 1283 1872 estis.

127 1913 222 1996 Vulg.
247 1916 317 1991 quid
339 1915 441 1974 iuriist
463 1912 526 1988 idi)
562 1911 650 1976 Pers.
674 1910 717 1989 II,
740 1916 770 1988 4,
794 1914 825 1974 5:
864 1913 932 1972 Scio
955 1929 1019 1988 ego,
1042 1911 1114 1984 potu
1133 1911 1187 1970 sinu
1204 1915 1284 1969 aeta·

132 2017 182 2075 tis.
226 2010 341 2076 Pseud.
364 2009 389 2089 I,
413 2015 442 2089 5,
468 2014 522 2075 19:
551 2013 623 2085 quid
642 2012 747 2070 mirum
771 2009 865 2070 lecit?
887 2008 959 2081 potu
979 2007 1103 2069 novom?
1146 2004 1233 2069 Trin.
1256 2023 1284 2068 u.

132 2115 208 2175 174:
252 2110 332 2187 Quid
358 2109 415 2168 luit
445 2109 574 2170 oifieium
604 2127 700 2170 meum
730 2125 776 2168 me
800 2105 925 2168 lacere?
955 2105 1003 2166 iac
1026 2107 1127 2168 seiam.
1171 2102 1285 2182 Amph.

130 2207 178 2289 II,
204 2213 235 2287 l,
259 2209 314 2271 26:
358 2207 437 2284 Quat
457 2208 514 2268 hoe
537 2208 701 2268 hominist?
745 2204 840 2268 Poen.
864 2203 924 2281 IV,
948 2207 982 2282 2,
1008 2207 1065 2268 34:
1090 2205 1192 2263 nescio
1215 2201 1288 2274 qaid

133 2309 189 2368 tiri
217 2309 285 2368 sies.
330 2305 457 2369 Terent.
480 2303 597 2368 Heaut.
621 2301 681 2378 IV,
705 2306 738 2380 8,
763 2307 795 2365 7:
824 2321 949 2379 quaeso,
979 2303 1053 2375 potu
1073 2309 1105 2360 tu
1127 2296 1286 2361 homini’s?

129 2399 207 2466 Hec.
231 2401 290 2481 IV,
312 2407 348 2481 4,
371 2406 426 2465 21;
449 2405 502 2465 sed
524 2403 598 2475 qaid
618 2403 750 2462 mulieris
772 2401 904 2462 Uxorem
927 2399 1028 2472 habes,
1052 2395 1114 2487 ubi·
1129 2395 1200 2461 vide
1223 2397 1287 2460 Do·

130 2503 250 2562 natum.
294 2499 342 2562 De
370 2496 420 2561 his
448 2497 572 2561 duobus
599 2495 677 2560 locis
702 2496 848 2561 Ruddim.
877 2495 925 2575 Il,
955 2512 986 2577 p.
1018 2498 1076 2558 65:
1113 2511 1192 2574 „pro
1215 2493 1286 2573 quis

135 2593 244 2673 homo,
281 2611 376 2674 quam
411 2593 591 2672 munierem3
628 2593 662 2658 iu
694 2591 743 2659 his
777 2597 977 2673 contemptus
1006 2592 1058 2657 vel
1080 2590 1286 2672 reprehensio

131 2692 288 2772 quaedam
309 2689 480 2756 innuitur.“
512 2691 592 2756 Eun.
606 2692 665 2771 ΙΙΙ,
688 2699 717 2772 4,
741 2697 773 2757 8:
797 2696 870 2768 qaid
891 2696 947 2755 hoc
969 2691 1117 2754 hominis?
1138 2691 1211 2765 potu
1231 2691 1287 2751 hoo

130 2792 276 2854 ornetist?
313 2788 356 2870 V,
390 2797 422 2870 l,
454 2794 506 2855 17:
546 2793 618 2867 quid
642 2794 715 2855 illuc
742 2794 868 2853 hominis
891 2793 972 2867 esti,
1005 2789 1046 2854 ad
1067 2805 1160 2868 quem
1183 2786 1287 2850 locum

131 2887 291 2953 Donatus:
330 2887 413 2968 „Per
442 2888 615 2968 genitivum
638 2905 745 2952 casum
767 2889 919 2955 iniuriose
941 2884 1071 2967 dicitur,
1109 2904 1166 2967 per
1187 2883 1287 2949 nomi-

133 2987 275 3051 nativum
296 2983 499 3053 honorifice.“
542 2986 623 3052 Eun.
646 2986 688 3067 Π,
713 2989 741 3065 2,
766 2993 798 3049 o:
835 2989 916 3067 Quid
929 2990 1016 3061 istut,
1042 2989 1170 3063 inquam,
1195 3001 1282 3045 orua-

132 3086 206 3148 tist?
229 3083 313 3166 adq.
336 3083 356 3148 l.
379 3085 510 3150 Donat:
548 3083 657 3165 „Scire
679 3102 737 3149 nos
753 3085 906 3162 convenit,
931 3101 1001 3150 cum
1017 3089 1106 3147 recto
1123 3099 1197 3146 casu
1213 3097 1287 3160 pro-

131 3180 234 3248 fertur
263 3182 486 3264 interrogatio,
513 3199 576 3246 nou
603 3201 675 3248 esse
697 3181 974 3260 contumeliosum,
1002 3186 1039 3246 ut
1060 3180 1088 3244 si
1110 3179 1198 3244 dions
1221 3181 1288 3253 qais

131 3284 178 3344 tio
200 3286 284 3344 homo
306 3283 386 3361 esti,
409 3279 437 3346 si
458 3285 567 3347 autem
587 3279 621 3344 iu
643 3279 784 3361 obliquo,
808 3283 1022 3360 contemplum
1044 3273 1230 3358 significari,
1250 3279 1289 3340 ut

136 3383 213 3458 Quid
240 3383 294 3442 ltoe
316 3385 358 3440 est
377 3381 527 3442 hominis?
563 3381 642 3457 Quid
662 3379 816 3441 mulieris?
852 3379 931 3456 Quid
952 3376 1125 3438 modst?“
1158 3394 1188 3438 v.
1211 3372 1287 3438 Bul-

133 3475 222 3542 baeh.
250 3476 291 3540 de
316 3475 394 3541 locis
420 3475 609 3555 quibusdam
638 3475 741 3540 Plaut.
770 3493 802 3554 p.
827 3479 876 3539 18.
899 3473 975 3538 Hoc.
999 3473 1054 3554 IV,
1078 3471 1190 3553 2,’“,12;
1214 3472 1286 3546 qaid

134 3577 210 3638 istuc
238 3573 396 3638 consiliat?
439 3572 536 3639 Andr.
564 3573 623 3654 IV,
653 3577 688 3653 4,
717 3577 750 3636 6:
794 3575 867 3647 qaid
894 3576 941 3634 illi
968 3575 1117 3634 hominum
1147 3569 1286 3647 litigent?

136 3669 292 3738 Neutrum
314 3673 386 3747 qaid
407 3687 504 3752 saepe
526 3689 584 3753 pro
607 3689 708 3748 quare,
731 3689 785 3734 aar
806 3670 944 3752 ponitur.
988 3668 1040 3734 Sic
1060 3668 1164 3733 Plaut.
1188 3667 1283 3731 Poeu.

143 3763 188 3845 V,
210 3773 237 3845 2,
260 3773 315 3834 49:
353 3771 432 3848 Quid
452 3771 483 3830 ln
503 3771 580 3831 hanc
603 3771 725 3833 venistis
748 3769 865 3844 urbem,
893 3776 944 3830 aut
965 3769 1035 3845 quid
1055 3765 1225 3844 quaeritis?
1247 3762 1286 3844 V,

146 3867 175 3941 4,
198 3869 249 3932 63:
285 3871 365 3947 Quid
386 3870 416 3928 iu
439 3869 484 3930 ius
506 3886 594 3931 vocas
617 3865 690 3931 noel
727 3869 798 3946 quid
821 3868 876 3928 tibi
899 3865 1058 3929 debemus?
1100 3861 1145 3942 V,
1170 3866 1207 3941 5,
1230 3865 1285 3928 29:

151 3962 228 4036 potu
246 3967 325 4028 haue
344 3968 401 4029 tibi
423 3967 515 4044 digito
530 3965 672 4029 taetiostl
692 3983 721 4029 v.
737 3968 795 4030 43:
833 3965 912 4041 Quid
926 3965 981 4027 tibi
996 3963 1134 4038 lubidost,
1151 3961 1285 4037 obsecro,

140 4059 380 4141 Anthemonides,
402 4064 499 4140 Loqui
520 4064 715 4126 inclementer
738 4069 839 4124 nostro
863 4069 988 4138 cognato
1010 4067 1041 4121 et
1061 4060 1161 4136 patrii
1193 4057 1286 4132 Truo,

145 4151 194 4232 II,
217 4157 249 4236 2,
272 4161 307 4222 3:
352 4161 431 4238 Quid
452 4162 508 4222 tibi
531 4163 568 4222 ad
590 4161 680 4223 hasce
704 4162 838 4222 accessio
861 4161 943 4221 aedis
965 4165 1013 4221 est
1034 4175 1127 4236 prope
1151 4164 1202 4222 aut
1223 4159 1289 4232 pul·

140 4253 234 4313 tatio?
274 4251 371 4322 Such.
393 4256 419 4337 Ι,
442 4261 472 4338 2,
496 4260 552 4324 38:
581 4258 654 4334 putu
675 4257 785 4336 opust?
815 4273 843 4321 v.
870 4261 922 4320 14:
945 4257 1018 4332 potu
1037 4257 1109 4318 mihi
1131 4258 1216 4330 opust
1235 4253 1286 4314 de-
