3040 4758
475 265 562 306 CASUS
578 263 842 306 sussusnuwonnll.
857 283 880 292 -
901 264 1003 304 ABLAT.
1274 277 1315 336 69

160 442 234 502 belli
258 442 292 502 et
313 441 448 502 militine.
495 438 547 504 Sic
569 439 663 504 Ennii
685 437 870 520 Iphigeniae
892 435 930 502 fr.
953 444 983 518 4,
1006 457 1035 504 v.
1059 441 1136 505 257:
1160 443 1237 504 enim
1265 461 1318 504 ne·

160 553 215 614 que
240 537 320 598 domi
344 555 421 600 nuuc
444 556 498 600 nos
522 554 578 600 nec
601 541 726 600 callidae
748 555 857 600 eumue.
889 536 993 602 Plcut.
1010 535 1102 616 Capt.
1116 537 1195 618 prol.
1212 557 1241 602 v.
1258 541 1318 602 68:

159 637 283 709 Velete,
317 637 432 698 iudices
466 639 645 709 iustiniani,
679 637 771 696 Domi
799 636 944 710 duellique
971 637 1160 700 duellatores
1192 639 1316 712 optumi.

157 731 246 796 Asin.
259 730 321 809 III,
338 735 367 809 2,
386 735 438 797 13:
463 752 537 809 quoe
554 734 633 794 doum
647 735 794 809 decioque
808 737 885 796 male
901 733 1009 796 fecisti.
1041 731 1168 796 Terent.
1181 731 1316 813 Adelph.

157 827 218 909 III,
242 834 273 909 4,
296 833 353 894 49:
380 850 440 893 uua
463 849 581 907 semper
602 833 727 894 militiae
749 837 777 894 ct
797 832 876 892 domi
897 831 1028 893 Fuimus.
1072 828 1176 894 nudo.
1199 847 1230 909 p.
1255 834 1317 896 274

158 926 265 992 edunt.
290 933 307 992 7
332 926 409 992 dicit
430 931 503 990 belli
525 928 593 994 sive
616 931 710 992 duelli
728 923 829 994 'etiem
851 944 914 991 non
938 925 1047 993 eddite
1069 943 1147 992 voce
1169 930 1248 990 domi
1271 926 1318 994 sic

160 1025 314 1105 reperiri,
337 1026 394 1091 sed
417 1044 499 1107 quae
521 1024 616 1093 effert
638 1026 798 1107 exemplu,
821 1025 882 1090 hoc
903 1041 966 1090 uon
987 1024 1065 1089 setis
1088 1023 1316 1090 demonstrent.

158 1121 240 1186 Nam
263 1122 332 1188 loco
355 1121 450 1188 Ennii
473 1142 523 1205 sp.
546 1123 699 1190 Priscian.
723 1125 742 1188 l.
760 1123 816 1201 lx,
840 1142 870 1204 p.
889 1129 952 1188 453
970 1121 1077 1188 Kiehl.
1103 1129 1165 1202 (ap.
1181 1123 1315 1188 Vahlen.

162 1218 200 1284 fr.
223 1220 284 1284 inc.
305 1219 391 1285 sedis
413 1241 441 1286 v.
464 1225 555 1298 odili:
578 1227 640 1286 Hcs
663 1227 758 1300 pestis
780 1226 890 1299 necuit,
912 1241 983 1298 pers
1003 1223 1116 1284 occidit
1135 1225 1189 1284 illa
1211 1223 1317 1284 daccllis

158 1318 228 1398 ipse
245 1317 486 1385 Rnddimsnuns
510 1321 587 1386 dicit
608 1323 642 1386 in
665 1319 810 1386 omnibus
834 1319 900 1384 suis
920 1317 1010 1384 libris
1031 1318 1094 1399 legi
1114 1321 1230 1395 duellis,
1254 1335 1318 1384 non

158 1419 261 1483 duelli.
286 1419 320 1481 et
341 1417 387 1482 sic
409 1416 507 1483 hebet
529 1419 625 1484 etiam
642 1417 825 1484 Vahlenius.
864 1415 977 1496 Amph.
994 1416 1034 1494 II,
1055 1419 1084 1494 2,
1103 1420 1212 1481 istut
1234 1435 1318 1480 meus

158 1517 259 1576 victor
279 1519 325 1577 vir
347 1517 414 1577 uelli
436 1520 536 1579 clueat
558 1516 716 1597 genitivus
738 1516 857 1596 pendet
879 1533 898 1579 s
923 1519 1027 1590 victor,
1051 1513 1317 1594 quemadmodum

158 1610 257 1675 etiam
280 1616 376 1676 victor
398 1634 515 1691 pugnae
543 1613 604 1680 dici
627 1619 748 1693 potest,
782 1612 838 1676 ubi
864 1630 927 1676 uon
955 1610 1056 1692 magis
1084 1617 1134 1676 est
1159 1612 1318 1677 locativus

160 1710 358 1775 statuendus.
405 1712 528 1776 Deinde
551 1711 677 1776 Terent.
700 1711 816 1776 Heent.
839 1711 865 1790 I,
891 1713 923 1789 1,
948 1713 1001 1774 6οε
1037 1717 1124 1786 alque
1153 1713 1194 1772 ibi
1225 1713 1318 1774 Simul

159 1825 221 1870 rem
239 1817 270 1868 et
284 1811 410 1886 gloriam
426 1814 516 1872 armis
532 1811 600 1874 delli
615 1812 736 1887 repperi
757 1807 869 1876 dubito
883 1824 924 1871 cn
945 1806 1105 1886 genitivus
1127 1811 1199 1899 nelli
1220 1808 1318 1871 elium

160 1902 347 1984 simpliciter
370 1905 409 1970 eb
433 1911 523 1969 armis
548 1906 687 1987 pendere
710 1905 821 1986 possit.

243 2005 332 2066 nuos.
380 2001 460 2070 Gaio
489 2003 525 2070 R.
550 2003 587 2069 R.
612 2023 637 2070 o.
661 2012 697 2068 4:
730 2007 798 2066 ruat
821 2007 846 2066 ei
869 2012 951 2066 recte
975 2005 1167 2066 habitaveris.
1212 2001 1317 2068 Plaut.

161 2100 255 2166 Trno.
282 2101 321 2180 V,
344 2119 373 2165 v,
397 2105 452 2166 23:
487 2105 591 2180 Neque
613 2105 682 2166 rori
710 2121 805 2179 neque
835 2104 883 2164 hic
916 2105 1073 2180 quidquam
1097 2104 1196 2177 operis
1226 2103 1317 2164 fecto.

164 2197 233 2264 eas.
257 2196 283 2278 I,
307 2217 335 2263 v.
363 2204 414 2264 17:
449 2202 602 2277 Praefeci,
635 2203 703 2263 ruri
725 2210 808 2262 recte
837 2204 887 2276 qui
915 2209 999 2262 curet
1023 2207 1130 2262 tamen.
1175 2199 1269 2265 Most.
1292 2200 1320 2280 Ι,

165 2303 190 2374 l,
214 2302 271 2362 34:
294 2304 341 2361 An
364 2299 431 2359 rari
454 2319 564 2374 quaeso
588 2319 644 2361 non
669 2307 737 2360 sunt
760 2317 833 2376 qnos
857 2317 943 2360 cures
965 2298 1069 2360 bovis?
1105 2295 1162 2376 ΙΠ,
1188 2303 1216 2377 2,
1243 2303 1318 2362 112;

164 2396 225 2456 Sibi
254 2399 379 2472 quisque
408 2397 477 2458 rori
506 2402 598 2459 metit.
643 2395 741 2461 Mers.
770 2415 798 2459 v.
830 2399 905 2460 509:
943 2401 1014 2458 ruri.
1045 2414 1072 2458 v.
1103 2400 1178 2461 543:
1212 2399 1317 2458 rurist.

161 2490 217 2571 IV,
243 2497 270 2570 l,
295 2497 335 2556 20
357 2496 440 2558 etv.
465 2496 540 2558 766:
578 2497 650 2557 ruri.
695 2512 724 2557 v.
750 2497 826 2558 760:
861 2496 966 2556 rurist.
1013 2511 1040 2557 v.
1070 2497 1141 2558 924.
1171 2492 1212 2570 ΙΙ,
1237 2497 1265 2570 2,
1289 2498 1319 2558 2.

162 2589 381 2669 Bacchius,
399 2595 474 2656 131:
499 2593 529 2654 Si
553 2595 598 2652 illi
622 2600 690 2653 snut
710 2594 811 2668 virgae
835 2593 911 2659 rori,
933 2600 964 2652 et
984 2595 1056 2654 mihi
1071 2602 1186 2668 tergum
1202 2594 1318 2654 domist.

163 2689 256 2754 Most.
279 2688 305 2766 l,
334 2695 359 2767 l,
383 2695 419 2752 4:
442 2692 507 2765 Ego
530 2693 581 2765 pol
605 2696 634 2751 te
656 2689 736 2756 rond,
765 2691 790 2749 si
814 2691 917 2763 vivam,
942 2693 1072 2752 ulciscur
1094 2692 1196 2765 probe.
1235 2707 1264 2752 v.
1282 2694 1318 2752 7:

162 2789 427 2851 turonicenses
450 2799 480 2848 le
504 2787 592 2850 esse?
636 2804 664 2849 v.
693 2788 746 2850 18:
784 2788 915 2861 Angelis
938 2787 1006 2846 racd
1028 2805 1195 2860 numerum,
1225 2805 1319 2863 genus

163 2886 306 2948 lerrstile.
332 2883 404 2948 Ter.
420 2883 546 2948 Phorm.
563 2882 603 2963 II,
621 2888 651 2962 3,
670 2886 722 2948 16:
745 2886 813 2945 rori
835 2883 899 2944 iere
916 2885 953 2944 Se
977 2886 1157 2946 continebat.
1183 2881 1317 2963 Adelph.

163 2983 187 3062 I,
211 2988 238 3061 1,
263 2988 320 3046 20:
354 2984 435 3044 sliri
464 3002 551 3058 egere
576 2985 674 3044 uitem.
720 2979 746 3060 1,
770 2984 799 3059 2,
827 2986 881 3044 15:
918 2983 974 3041 Rei
1004 2982 1074 3044 darc
1104 2999 1224 3056 operam
1252 2983 1321 3043 rari

162 3100 284 3158 percum
308 3099 343 3142 ec
367 3082 507 3144 sobrium.
552 3078 609 3156 ΙΙΙ,
636 3084 664 3157 3,
688 3084 746 3143 47;
779 3080 970 3140 Iamdudum
995 3080 1106 3153 aliquid
1133 3080 1200 3139 rori
1229 3097 1320 3154 ogere

164 3181 302 3242 arbitror.
347 3177 402 3256 IV,
426 3182 456 3255 2,
479 3181 515 3242 3:
546 3180 575 3238 Is
599 3179 691 3238 filium
719 3186 807 3253 neget
830 3196 896 3239 csse
919 3178 996 3239 rard.
1040 3173 1319 3254 Hec.11‚1,1e:

162 3282 223 3351 An,
252 3280 322 3352 quie
343 3278 412 3338 ruri
434 3295 500 3338 esse
524 3278 631 3338 crebro
655 3279 745 3338 soleo.
789 3273 915 3338 Phorm.
936 3272 975 3350 ll,
1003 3278 1028 3350 l,
1053 3276 1109 3336 20:
1145 3276 1226 3350 Opus
1253 3275 1322 3336 rard

163 3374 341 3437 faciundum.

247 3473 317 3534 Hic.
362 3469 467 3536 Huius
495 3469 638 3535 adverbii
662 3468 806 3548 exempla
828 3468 1004 3534 secundum
1027 3485 1082 3533 eas
1106 3468 1225 3535 classes
1247 3485 1321 3548 pro·

163 3567 273 3650 leram,
297 3587 376 3649 quus
398 3567 474 3634 feeit
496 3567 640 3632 Hendius
662 3566 695 3632 in
718 3565 907 3632 Tursellino.

249 3687 277 3731 a.
313 3669 374 3728 Hic
389 3664 548 3747 significat
563 3665 675 3743 locum,
699 3664 809 3745 inquo
826 3681 894 3745 ego,
919 3663 973 3745 qni
988 3663 1111 3745 loquor,
1136 3668 1195 3728 sto.
1220 3662 1319 3728 Neev.

164 3762 408 3830 Tarentilleeir.
422 3770 456 3828 4:
480 3767 586 3826 ticine.
615 3763 710 3827 Ennii
721 3761 907 3842 Iphigeniae
918 3760 956 3827 ir.
969 3767 1000 3841 4,
1024 3781 1052 3825 v,
1067 3766 1138 3826 257.
1172 3758 1322 3842 Thyestis

163 3859 200 3926 ir.
226 3867 274 3928 ie.
299 3861 493 3943 Epignomm.
522 3869 550 3940 9,
573 3879 600 3924 v.
627 3866 661 3925 5:
684 3864 746 3923 Hic
768 3870 814 3922 est
836 3863 888 3922 ille
911 3863 995 3922 situs.
1039 3857 1143 3922 Plani.
1163 3856 1277 3922 Bacch.
1294 3856 1320 3937 I,

167 3966 194 4040 l,
219 3967 267 4026 71.
294 3965 349 4024 74;
373 3961 473 4022 Semel
495 3963 543 4021 liic
565 3963 667 4022 nescio
690 3962 741 4035 qui
763 3961 885 4020 turbare
909 3961 1017 4035 coepit.
1055 3955 1096 4035 ΙΙ,
1120 3960 1149 4034 2,
1173 3959 1228 4018 26:
1250 3956 1321 4024 Hic,

167 4065 325 4120 exeuntem
346 4077 393 4120 me
417 4059 494 4119 unde
518 4061 663 4134 aspexisti
685 4058 781 4118 modo.
826 4074 854 4125 v,
878 4061 935 4121 49:
965 4073 1021 4132 ego
1044 4055 1093 4116 hie
1116 4056 1234 4117 curabo.
1278 4051 1322 4130 Π,

167 4158 295 4232 e,121:
330 4174 404 4232 qnos
427 4171 482 4232 ego
506 4157 554 4216 hic
575 4157 677 4217 turbas
699 4156 784 4215 dabo.
829 4151 887 4230 ΙΙΙ,
912 4158 941 4232 3,
965 4155 1015 4216 68.
1039 4149 1092 4224 IV,
1116 4156 1146 4230 4,
1170 4154 1224 4215 64:
1258 4152 1322 4210 Iuni

168 4252 235 4316 faxo
257 4256 306 4314 hio
329 4261 425 4315 erunt.
472 4250 569 4318 Stich.
593 4270 621 4316 v.
645 4255 695 4315 67.
718 4269 748 4313 u.
773 4252 822 4314 92.
867 4249 893 4330 l,
917 4254 946 4329 3,
970 4253 1019 4315 90.
1064 4247 1106 4324 Π,
1133 4253 1159 4326 1,
1184 4250 1232 4312 38.
1276 4243 1322 4318 ΙΙ,
