3040 4758
553 267 643 309 NOTIO
658 267 924 310 ΙΙΙΒΘΤΔΙΙΤΝΟΒΙΙΙΙ.
1263 284 1299 337 11

140 437 374 519 Syracusanae.
418 437 513 502 Both.
535 440 584 504 ad.
601 440 701 506 Naev.
724 441 763 507 ir.
786 446 805 506 2
827 441 952 508 Harioli
974 441 1069 508 affert
1082 442 1186 507 Plaut.
1202 444 1302 510 Mera.

139 534 178 611 V,
201 541 231 616 2,
256 541 313 602 99:
352 538 447 597 Video
470 539 512 598 ibi
540 540 680 614 hospitem
701 543 863 616 Zacyntho.
888 575 931 584 -
952 540 995 605 ib.
1020 560 1048 604 v.
1076 545 1150 604 102:
1187 544 1303 617 Zacyn-

139 636 190 694 ino
212 635 284 706 ficos
306 635 374 695 fieri
396 653 455 694 non
478 639 584 710 malas,
606 634 636 700 h.
654 653 680 700 e.
697 635 774 702 ficos
788 635 989 718 Zacynthios.
1032 638 1129 702 Poen.
1145 637 1183 714 V,
1201 643 1229 716 2,
1248 643 1301 703 36:

140 732 323 792 Hannonem
338 749 406 792 sese
422 734 466 792 ait
483 734 674 808 Cortnopine.
711 734 798 799 Asin.
815 734 857 814 11,
872 740 903 814 4,
920 739 975 799 92:
998 739 1183 812 Periphanes
1198 738 1304 796 Rhodo

139 833 296 889 macrim.
341 827 456 893 Pseud.
479 829 504 908 Ι,
528 835 556 908 3,
581 833 620 895 36
645 830 816 912 (Krueger.
834 849 964 914 gramm.
982 831 1036 896 lat.
1058 850 1088 912 p.
1106 834 1197 908 665);
1223 837 1303 895 salve

139 929 276 1002 multum,
299 943 382 987 aneo
402 927 532 988 Athenis
547 945 690 1002 possano.

227 1020 261 1096 b)
285 1023 355 1083 Aoi.
379 1027 542 1098 qualitatis.
586 1022 666 1089 Cato
688 1025 725 1090 R
742 1026 778 1090 R.
804 1045 829 1092 c.
854 1032 886 1090 8:
910 1031 1039 1090 Telanas
1062 1038 1143 1090 atres
1162 1027 1302 1102 pediculo

140 1123 238 1196 longo.
285 1119 388 1184 Plaut.
412 1121 509 1186 Mera.
533 1120 564 1200 1,
595 1126 630 1197 2,
662 1127 719 1186 97:
757 1125 859 1185 forma
876 1130 984 1188 eximia
1005 1130 1169 1189 mulierem.
1213 1121 1302 1186 Pers.

140 1215 196 1295 IV,
222 1221 251 1296 3,
283 1221 337 1282 53:
376 1221 486 1279 Forma
508 1222 679 1294 expetenda
701 1221 856 1282 liberalem
885 1225 1050 1285 mulierem.
1095 1221 1191 1284 Mero.
1215 1237 1243 1283 v.
1268 1224 1304 1283 9:

140 1315 187 1374 Ibi
214 1333 315 1376 amare
343 1318 448 1391 occepi
481 1318 582 1389 formo
609 1319 720 1377 eximio
746 1320 907 1381 mutierem.
960 1319 1010 1398 ΙΙ,
1037 1327 1071 1397 1,
1096 1322 1154 1382 36:
1190 1320 1304 1392 aspicio

139 1412 242 1483 fermo
263 1415 373 1472 enimin
394 1415 555 1477 moliorem.
600 1411 696 1478 Most.
720 1414 751 1494 I,
781 1421 814 1495 3,
843 1421 897 1481 49:
935 1420 1088 1478 moliorem
1116 1416 1246 1491 lepidam
1274 1421 1305 1475 et

137 1511 250 1580 pndico
271 1511 399 1584 inpenio.
446 1508 574 1574 Terent.
598 1509 717 1575 Heaut.
740 1512 778 1591 V,
804 1517 832 1592 5,
858 1517 913 1578 17:
937 1514 1083 1575 Rufamne
1107 1517 1189 1574 illam
1211 1514 1303 1585 cirpi-

140 1623 221 1673 nem,
245 1608 394 1682 Caesiam,
418 1626 522 1682 sparso
545 1627 603 1675 ore,
626 1611 739 1672 manco
762 1614 858 1672 noso?
903 1610 984 1675 Eun.
1008 1610 1050 1689 II,
1078 1616 1104 1687 1,
1128 1614 1184 1673 24:
1224 1611 1306 1670 ducit

143 1721 243 1764 secum
267 1724 327 1765 nna
348 1707 494 1780 cirpinen
509 1708 585 1768 dono
602 1708 684 1767 huic:
708 1727 814 1783 papae,
839 1711 934 1769 Facie
956 1710 1084 1769 honesto.
1130 1705 1211 1769 And.
1224 1705 1250 1782 Ι,
1276 1710 1303 1783 l,

141 1804 179 1863 91
205 1816 289 1879 sqq.:
312 1803 391 1863 forte
408 1820 494 1862 unam
512 1806 626 1878 aspicio
646 1806 903 1874 adulescentulam,
928 1809 1040 1865 Formo
1062 1803 1121 1868 SO.
1137 1807 1229 1864 Bono
1244 1804 1305 1862 for·

142 1908 233 1960 tasse.
258 1895 306 1961 SI.
324 1907 354 1959 et
368 1902 459 1968 nolin,
483 1901 576 1974 Sosia,
599 1902 685 1962 Adeo
700 1904 835 1969 modesto,
857 1904 931 1964 adeo
946 1908 1075 1970 venneto,
1098 1909 1131 1962 at
1146 1903 1189 1960 nil
1205 1918 1304 1974 snpra.

143 1993 279 2073 Adelph.
296 1994 355 2074 III,
380 2002 409 2075 3,
431 2000 488 2060 86:
511 1998 620 2058 anion
635 2029 676 2042 -
692 2002 819 2073 antiqno
836 2002 945 2061 oirtnte
968 2019 1002 2061 ac
1026 2001 1092 2073 pide.
1116 1997 1196 2061 And.
1219 1995 1244 2073 Ι,
1272 2000 1301 2074 1,

141 2096 181 2155 42
205 2107 291 2171 sqq.:
319 2096 428 2155 mnino
454 2096 598 2171 quaedam
624 2129 662 2142 ·-
686 2098 805 2170 eprepio
827 2097 927 2169 forino
949 2105 1037 2173 atque
1062 2101 1155 2157 aaran
1177 2097 1303 2167 intepro.

226 2188 352 2253 Deinde
380 2191 580 2255 substantiva
607 2209 679 2255 cum
706 2192 859 2257 adverbio
888 2193 1036 2272 apposito
1064 2193 1096 2255 in
1124 2209 1218 2254 unam
1248 2205 1305 2253 no·

139 2287 260 2350 tionem
288 2287 538 2368 coniunguntur,
572 2305 654 2368 quae
682 2287 787 2368 figura
814 2308 834 2352 a
863 2289 1077 2370 grammaticis
1108 2287 1204 2367 vulgo
1239 2290 1305 2362 Hp·

135 2387 217 2460 picen
245 2383 364 2448 dicitur
399 2384 515 2462 (Rudd.
544 2384 593 2464 ΙΙ,
628 2402 658 2465 p.
688 2391 749 2450 396
781 2387 887 2451 adnot.
919 2388 986 2465 10),
1024 2392 1094 2466 aut,
1132 2383 1216 2465 quod
1245 2401 1307 2447 non

136 2481 274 2545 multum
308 2480 472 2545 diversum
506 2488 570 2560 est,
606 2500 677 2546 cum
712 2483 950 2564 praepositione
985 2483 1094 2547 addito
1136 2481 1198 2546 alio
1232 2480 1307 2544 sub-

140 2578 282 2642 stantivo
305 2596 344 2642 en
366 2578 422 2642 illa
444 2579 613 2658 pendente.
652 2579 723 2644 Uno
747 2580 817 2644 loco
843 2581 976 2661 simplex
1005 2579 1133 2660 negatio
1157 2578 1306 2642 substan·

139 2675 205 2739 tivo
228 2676 378 2755 apposita
401 2681 459 2754 est,
482 2676 586 2740 Plaut.
605 2676 691 2740 Asin.
712 2677 767 2756 IV,
794 2683 821 2757 1,
845 2682 901 2742 63:
922 2683 1006 2739 Haec
1029 2687 1098 2738 sunt
1119 2695 1179 2735 non
1198 2693 1305 2749 napae.

140 2772 255 2852 Amph.
279 2773 320 2851 Π,
345 2778 373 2851 2,
401 2777 477 2837 138:
509 2778 590 2836 intas
615 2779 754 2848 poteram
779 2777 915 2851 proferto
942 2776 1032 2836 foras.
1070 2771 1157 2836 Pera.
1180 2771 1245 2849 ΠΙ,
1277 2776 1304 2849 l,

140 2874 195 2934 57:
230 2890 289 2933 non
320 2880 353 2932 tu
374 2889 454 2934 nnnc
482 2875 634 2933 terninano
665 2891 762 2933 mores
791 2869 893 2934 vides?
938 2871 1066 2935 Terent.
1094 2869 1191 2934 Andr.
1215 2868 1245 2947 I,
1276 2873 1305 2946 2,

138 2971 174 3030 4:
210 2972 254 3028 eri
280 2987 392 3042 semper
418 2971 524 3029 lenitas
555 2972 690 3030 Verebar
721 2987 860 3045 quorsum
893 2970 1050 3043 evaderet,
1086 2967 1171 3046 quod
1193 2983 1306 3031 secun-

140 3064 215 3128 dum
238 3065 415 3144 Donatum,
446 3065 642 3139 Dacieriam,
671 3065 868 3131 Schellerum
890 3064 923 3128 in
946 3081 1077 3145 gramm.
1100 3064 1154 3128 lat.
1177 3081 1208 3144 p.
1232 3067 1303 3140 742,

139 3161 302 3238 Bothium‚
327 3161 575 3240 Schmiederum‚
598 3163 762 3241 Zeunium,
791 3163 961 3242 Ritterum,
977 3161 1154 3242 Reisigium
1170 3176 1302 3240 gramm.

140 3259 195 3322 lat.
219 3276 250 3338 p.
275 3263 337 3324 392
365 3258 472 3338 ibique
494 3258 648 3324 Haasium
678 3262 785 3325 adnot.
810 3266 870 3326 391
901 3259 985 3323 idem
1014 3263 1065 3322 est
1087 3275 1124 3322 ac
1146 3262 1304 3338 perpetua

140 3356 272 3433 lenitas3
301 3356 464 3436 Guyctus,
488 3356 676 3436 Boeclcrus,
700 3358 955 3434 Westcrhovius,
979 3355 1205 3434 RuhnkeniuS,
1229 3354 1305 3418 Per·

138 3452 234 3532 lctus,
256 3452 503 3532 Fikenscherus‚
526 3453 756 3518 Ramshornius
779 3454 812 3517 in
832 3469 965 3534 gramm.
980 3452 1036 3516 lat.
1053 3470 1083 3533 p.
1101 3458 1162 3516 715
1187 3470 1305 3526 semper

139 3550 181 3614 ad
207 3550 341 3615 verbum
363 3555 488 3614 verebar
512 3551 711 3616 referendum
735 3569 807 3615 esse
832 3556 977 3627 censent3
1009 3549 1089 3613 illud
1115 3556 1224 3612 tamen
1251 3565 1305 3611 ve·

138 3666 212 3711 rum
236 3652 299 3727 est,
323 3666 395 3712 nam
417 3653 506 3713 recte
528 3648 673 3713 Ritterus
696 3648 787 3726 dicit,
823 3648 850 3712 si
873 3667 993 3724 semper
1015 3647 1056 3711 ad
1078 3647 1211 3710 verbum
1233 3663 1306 3725 spe-

139 3749 229 3808 ctare
251 3745 409 3810 voluisset
430 3753 543 3826 poeta,
577 3751 646 3810 tum
671 3743 844 3810 secundum
868 3749 1067 3810 constantem
1090 3761 1182 3806 usum
1206 3741 1236 3805 ei
1258 3742 1305 3806 di-

139 3841 274 3907 cendum
303 3842 402 3908 fuisse
427 3863 546 3920 semper
569 3849 682 3907 veritus
706 3863 777 3905 sum.
824 3843 903 3907 Cato
918 3842 955 3905 R.
971 3841 1008 3905 R.
1025 3859 1051 3904 o.
1069 3843 1102 3904 5:
1126 3843 1305 3902 sicilimenta

139 3942 176 4001 de
198 3947 298 4015 prato.
344 3939 457 4005 1117:
496 3961 597 4004 semen
626 3944 663 4002 de
687 3960 844 4017 cupresso,
881 3942 917 4001 de
940 3943 1019 4014 pino.
1065 3936 1099 4001 0.
1124 3941 1197 4000 108:
1236 3939 1306 3998 Vini

136 4041 302 4099 satoriam
324 4039 360 4098 de
382 4056 414 4098 eo
436 4041 521 4108 eino,
555 4041 634 4115 quod
661 4043 742 4100 voles
770 4042 910 4114 experiri.
953 4035 1096 4100 Dubium
1121 4039 1172 4098 est
1200 4051 1305 4097 exem·

136 4133 226 4213 plum
250 4153 276 4199 c.
300 4139 358 4200 42:
395 4141 523 4198 alterum
546 4140 652 4196 librum
676 4155 742 4197 cum
763 4152 880 4209 panemo
902 4136 937 4194 oie
959 4152 991 4194 eo
1013 4136 1081 4207 nco,
1111 4133 1190 4208 quod
1212 4150 1303 4205 genus

138 4251 204 4296 esse
226 4238 321 4309 voles,
346 4238 477 4309 eximito,
504 4233 652 4313 quoniam
672 4231 868 4312 praepositio
891 4235 928 4292 de
950 4231 1102 4294 etiamen
1122 4227 1220 4290 verbo
1241 4229 1304 4286 exi-
