3058 4766
474 242 561 282 GASUS
576 241 842 284 sunsnanrrvonun.
856 263 881 272 -
896 243 1000 282 tutin.
1273 253 1331 310 109

184 422 236 481 10:
260 419 305 478 Ibi
328 423 512 479 fumeorum
534 419 782 492 inpudentissima
804 421 937 480 oratiost.
961 417 1038 482 Hoc.
1062 417 1103 496 II,
1131 422 1156 486 1,
1177 421 1229 480 41.
1253 415 1278 494 Ι,
1304 421 1332 494 2,

183 518 236 577 7οε
260 517 348 576 etiam
372 521 442 576 mm.
466 513 592 577 Phorm.
615 512 640 590 I,
662 518 692 587 4,
716 519 748 576 7:
774 517 850 576 Tum
872 520 1015 592 temporis
1038 519 1109 576 mihi
1130 523 1271 592 punctum
1295 517 1332 576 ad

179 614 257 674 hanc
281 631 342 673 rem
366 621 420 686 est,
445 612 485 675 ad
505 628 597 690 quem
620 610 722 675 locum
741 610 980 677 Ruddimannus
1002 632 1032 692 p.
1047 617 1107 678 313
1131 612 1224 677 docet
1245 610 1334 692 geni·
1373 651 1376 656 -

183 709 283 772 tivum
311 713 449 785 temporis
477 729 497 772 a
525 707 728 789 substantivo}
744 717 906 785 puuctum,
949 729 1011 773 non
1041 729 1060 774 a
1094 716 1155 772 tum
1185 709 1332 789 pendere.

182 805 283 886 Saepe
307 813 368 870 tum
395 808 597 888 coniungitur
617 825 686 872 cnm
702 805 836 871 relativa
846 807 1003 887 particula
1026 827 1125 884 noum,
1149 810 1182 870 et
1196 806 1332 886 primum

184 904 395 986 quidenna,
423 909 460 969 ut
480 905 567 968 notio
591 903 743 984 temporis
766 909 920 969 servetur.
966 904 1018 970 Sic
1039 905 1134 968 Ennii
1156 902 1334 969 Telamonis

184 1000 221 1066 fr.
246 1007 274 1080 3,
297 1020 325 1066 v.
351 1006 427 1066 361:
450 1021 516 1064 cum
538 1005 635 1078 genui,
659 1009 721 1064 tum
743 1007 901 1066 morituros
925 1006 1005 1065 scivi.
1042 1002 1146 1066 Plani.
1170 1001 1257 1066 Pers
1273 999 1333 1075 ΙΙΙ,

184 1104 210 1175 I,
235 1102 283 1162 28.
329 1099 426 1166 Merc.
451 1100 510 1178 ΙΙΙ,
534 1106 562 1179 2,
588 1107 619 1163 7;
658 1105 718 1160 tum
740 1111 855 1176 qnomst
878 1106 996 1176 sangnis
1018 1104 1143 1176 integer.
1166 1097 1225 1162 ΙΠ.
1248 1101 1277 1176 2,
1301 1102 1333 1160 9:

181 1216 268 1272 quom
291 1202 349 1260 seIs
372 1202 429 1260 iam
454 1217 555 1273 senex,
584 1201 809 1260 tammonem
833 1202 873 1261 Te
897 1203 1047 1262 conloces.
1083 1195 1197 1260 Bacch.
1222 1194 1281 1272 ΙΙΙ,
1303 1199 1333 1272 4,

182 1298 237 1358 20:
262 1297 338 1358 Tum
360 1316 446 1372 quom
467 1299 559 1357 nihilo
582 1301 649 1371 plus
673 1296 723 1372 [ad
747 1315 829 1357 snam
852 1316 914 1358 rem
937 1296 1018 1372 illut]
1042 1297 1163 1358 referet.
1192 1293 1285 1358 Truc.
1308 1290 1334 1362 I,

182 1397 210 1462 2.
227 1397 283 1457 88:
307 1398 370 1456 Hoc
389 1397 473 1456 nobis
493 1397 595 1455 vitium
619 1403 823 1471 maxumumst,
847 1413 932 1469 quom
954 1413 1094 1468 amamus,
1118 1399 1180 1454 tum
1194 1394 1333 1467 perimus.

184 1489 285 1555 Oasin.
299 1491 322 1568 I,
335 1511 364 1556 v.
379 1497 433 1556 51:
458 1495 551 1569 Quom
566 1495 604 1552 mi
617 1495 691 1552 haec
705 1495 841 1553 dicentur
855 1495 943 1567 dicta,
961 1498 1023 1554 tum
1038 1499 1079 1569 tn,
1094 1489 1227 1563 furcifer,
1243 1491 1334 1563 Quasi

181 1608 244 1651 mus
267 1593 297 1650 in
320 1593 416 1652 medio
439 1593 555 1666 pariete
580 1593 748 1650 versabere.
771 1588 885 1654 Bacch.
908 1589 934 1668 Ι,
958 1593 985 1662 2,
1011 1593 1065 1652 37:
1092 1591 1185 1665 Quom
1208 1590 1332 1657 videbis,

182 1694 244 1748 tum
266 1691 352 1750 scies.
374 1686 463 1767 Cupi.
484 1686 539 1766 IV,
569 1693 597 1763 2,
628 1692 662 1750 5:
684 1705 771 1761 quum
792 1690 933 1760 scibitur,
959 1721 995 1732 —-
1021 1694 1083 1748 tum
1103 1719 1146 1730 -
1169 1688 1332 1761 Inridebor,

183 1785 223 1848 ad
245 1802 274 1864 q.
290 1784 310 1848 Ι.
327 1785 397 1848 vide
418 1785 558 1848 Lindem.
583 1781 672 1864 Capi.
695 1784 721 1864 Ι,
746 1789 775 1862 2,
801 1790 849 1850 39.
873 1791 930 1848 40:
954 1789 1031 1846 Tum
1052 1787 1177 1860 demque
1201 1786 1334 1844 homines

185 1893 287 1945 nostra
309 1886 509 1960 intellegimus
532 1885 619 1958 bona,
647 1886 749 1960 Quom,
779 1901 853 1959 quae
876 1888 905 1944 in
929 1890 1077 1959 potestate
1102 1886 1270 1954 habuimus,
1299 1900 1335 1942 eu

182 1984 342 2042 amisimus.
368 1979 456 2060 Capi.
473 1980 515 2060 ΙΙ,
537 1985 565 2059 2,
583 1984 639 2045 3οι
662 1984 739 2043 Tum
760 1985 851 2058 igitur
873 1986 900 2042 ei
917 1999 1004 2056 quom
1019 1984 1049 2040 in
1065 1983 1148 2042 Aleis
1172 1988 1218 2042 est
1240 1983 1336 2056 grotta

184 2087 276 2139 tanta.
315 2078 441 2142 Terent.
463 2078 587 2142 Phorm.
611 2077 653 2156 ΙΙ,
679 2085 706 2153 1,
736 2083 787 2143 11;
813 2081 906 2153 Quam
930 2081 1031 2141 obrem
1053 2081 1156 2151 omnis,
1179 2096 1266 2152 quom
1288 2097 1334 2140 se·

182 2178 295 2237 eundae
318 2197 367 2238 res
391 2188 458 2238 sunt
480 2195 627 2251 maxume,
662 2183 724 2238 tum
752 2195 885 2238 maxume
909 2179 1048 2238 Meditari
1078 2196 1175 2237 secum
1205 2184 1334 2251 oportet,

184 2294 240 2349 quo
262 2282 352 2350 pacto
375 2277 530 2336 advorsam
554 2293 723 2336 aerumnam
746 2274 853 2334 ferant.
877 2273 1000 2338 Deinde
1016 2277 1122 2338 etitem
1144 2293 1261 2336 tom—
1274 2279 1336 2336 tum

183 2387 277 2449 saepe
309 2372 403 2434 etiam
435 2371 514 2436 duas
543 2371 780 2436 enuntiationes
807 2371 853 2435 ita
880 2372 965 2435 inter
992 2389 1026 2434 se
1055 2370 1265 2450 coniungunt,
1300 2375 1337 2434 nt

182 2469 335 2546 temporis
364 2467 553 2549 significatio
581 2468 685 2534 minus
712 2475 870 2548 appareat
900 2474 933 2534 et
955 2473 992 2532 ut
1013 2466 1079 2534 fere
1111 2469 1194 2532 idem
1217 2465 1336 2548 sfgnifi·

181 2571 256 2630 cent
278 2585 315 2630 ac
337 2574 365 2627 et
384 2601 426 2612 -
448 2574 475 2628 et
496 2566 546 2632 vel
569 2573 629 2628 toro
650 2599 692 2610 --
714 2585 812 2642 quam.
850 2566 901 2630 Sic
923 2567 1026 2630 Plaut.
1055 2566 1147 2630 Truc.
1170 2565 1224 2643 IV,
1251 2572 1277 2643 1,
1303 2570 1335 2630 6:

185 2665 259 2726 Gom
282 2667 337 2725 hoc
360 2668 417 2726 ium
440 2670 592 2741 volupest,
622 2670 683 2726 tom
705 2668 782 2726 Istuc
806 2666 895 2726 nimio
924 2683 1047 2742 magnae
1077 2668 1226 2726 melliuiae
1254 2667 1334 2726 mihi.

180 2761 264 2826 Men.
297 2760 357 2840 IV,
387 2766 421 2839 2,
450 2766 524 2826 103:
562 2765 655 2840 Quom
682 2765 776 2824 virum
810 2768 872 2823 tum
901 2781 1020 2826 uxorem
1055 2765 1085 2822 di
1117 2782 1167 2823 vos
1196 2764 1333 2836 perdant

181 2859 308 2924 Terent.
346 2858 444 2923 Andr.
468 2859 493 2939 1,
520 2865 546 2938 I,
571 2865 625 2924 69:
664 2863 756 2938 Quom
777 2861 808 2920 id
830 2862 1079 2937 mihiplncebat,
1108 2865 1170 2922 tom
1196 2879 1254 2921 uno
1282 2879 1333 2922 ore

180 2963 283 3018 omnes
306 2961 404 3020 omnia
424 2961 508 3019 Boua
536 2961 636 3020 dicere
658 2967 690 3020 et
711 2961 833 3022 laudare
864 2958 998 3020 fortunas
1028 2975 1118 3020 meas.
1157 2955 1283 3021 Phorm.
1307 2956 1333 3037 Ι,

179 3059 212 3131 4,
239 3059 298 3118 10:
320 3075 407 3129 quom
429 3058 501 3116 mihi
524 3075 627 3132 paveo,
651 3061 713 3118 tom
734 3059 866 3132 Antipho
888 3075 934 3118 me
958 3057 1109 3116 excruciat
1131 3058 1229 3116 animi.

268 3155 358 3215 Tunc.
396 3152 510 3217 Naevii
531 3154 652 3218 Hector
672 3151 876 3234 proficiscens
896 3150 935 3216 fr.
961 3157 987 3216 1.
1032 3150 1125 3214 Ennii
1147 3151 1248 3215 annai.
1271 3151 1332 3218 iuc.

183 3250 268 3314 sedis
291 3248 403 3329 fragm.
428 3255 478 3314 78.
510 3250 622 3317 huual.
645 3251 665 3315 l.
688 3251 726 3330 V,
749 3250 789 3316 fr.
813 3257 843 3316 4.
880 3251 985 3315 PIant.
1009 3247 1097 3329 Capt.
1119 3247 1174 3328 IV,
1199 3253 1227 3328 2,
1253 3254 1332 3316 107:

179 3351 237 3409 Set
257 3350 423 3424 Stalagmus
446 3353 549 3426 quoius
573 3361 639 3412 erat
654 3355 876 3425 humanationis,
899 3367 986 3426 quom
1009 3350 1079 3410 hiuc
1094 3347 1222 3423 onitin)
1245 3347 1331 3415 Pera.

185 3461 213 3508 v.
239 3450 315 3509 730:
341 3448 424 3507 Touo
446 3450 563 3524 quaudo
585 3446 813 3520 abiero.,Most
837 3465 865 3512 v.
890 3451 962 3510 743.
987 3449 1056 3508 752.

265 3545 362 3608 Nune.
395 3543 507 3608 Naevii
529 3546 640 3610 Danao
662 3545 699 3610 ir.
722 3551 752 3610 4.
774 3543 813 3611 fr.
836 3545 895 3610 inc.
916 3561 993 3608 com.
1019 3550 1046 3622 3,
1069 3563 1098 3608 v.
1125 3549 1193 3608 109.
1238 3545 1332 3610 Ennii

179 3639 382 3706 Euhemerus
408 3641 446 3706 fr.
472 3649 499 3718 7,
524 3648 574 3708 34.
602 3643 783 3708 Telamonis
803 3641 840 3707 fr.
868 3646 894 3719 1,
919 3660 946 3705 v.
971 3647 1042 3707 355.
1071 3641 1219 3724 Thyestis
1241 3640 1278 3706 ir.
1303 3650 1331 3720 5,

183 3754 212 3800 V.
231 3743 300 3802 394.
325 3737 563 3804 Pancratiastes
583 3739 622 3805 fr.
647 3746 681 3806 3:
707 3745 861 3816 Quonanc
882 3759 928 3802 mc
953 3741 1057 3804 ducis?
1080 3740 1191 3804 Annul.
1206 3739 1225 3802 I.
1241 3739 1268 3818 Ι,
1291 3740 1328 3804 f.

183 3837 233 3911 34,
256 3853 285 3899 v.
310 3840 359 3901 39.
381 3833 418 3900 fr.
445 3841 493 3901 56.
524 3837 544 3903 l.
568 3837 639 3917 VII,
662 3839 702 3902 fr.
729 3845 776 3903 17.
817 3838 835 3902 l.
860 3837 948 3908 VIII,
971 3837 1009 3902 fr.
1036 3843 1082 3901 17.
1118 3836 1138 3900 I.
1160 3837 1217 3915 III,
1240 3835 1276 3901 fr.
1301 3843 1329 3915 8,

179 3947 210 3992 v.
235 3937 305 3997 315.
329 3933 349 3998 i.
372 3933 411 4012 II,
433 3932 471 3997 fr.
496 3941 525 4012 5,
548 3955 576 4002 v.
594 3941 664 4003 340.
688 3937 708 4001 l.
732 3935 819 4010 XIV,
839 3934 878 3998 fr.
903 3939 935 3998 6:
958 3938 1048 3996 Nunc
1070 3944 1117 3996 est
1137 3939 1186 3996 ille
1211 3937 1283 3998 dies.
1306 3935 1327 3998 I.

251 4163 288 4228 Ἰ)
306 4166 386 4235 VnIg.
407 4163 483 4219 abitt.
503 4165 569 4218 Abit
587 4163 780 4219 Fleckeisenns
800 4177 887 4216 exerc.
907 4161 994 4216 Plant.
1005 4180 1031 4231 p.
1048 4167 1087 4229 10,
1107 4163 1180 4229 quod
1198 4176 1328 4230 praesens

181 4259 245 4300 esse
264 4247 363 4302 statuit
381 4262 431 4301 neo
448 4254 616 4302 contractum
634 4263 668 4302 ex
685 4246 762 4299 abiit.
