3004 4764
515 283 557 322 111.
584 281 739 324 tronellus
754 281 935 324 sebastenis.
1235 292 1294 348 381

2 477 42 536 *fiir
145 465 208 518 tam
229 457 336 532 grandi
358 459 413 518 sim
435 465 585 519 mercatus
607 459 762 536 praesenti
777 460 914 532 pecunia,
929 483 972 504 =
987 471 1085 535 quum
1105 471 1172 519 vos.
1216 454 1298 530 Rud,

2 577 32 620 x:
142 553 185 634 11,
210 557 239 632 6,
262 557 316 616 54:
339 555 434 630 Quina
458 555 600 616 auderem
622 562 720 616 tecum
741 557 772 615 in
796 573 899 617 navem
922 553 1108 616 ascendere?
1129 585 1172 596 -
1194 550 1253 630 ΙΙΙ,
1270 557 1299 632 2,

1 679 40 720 rr·
143 656 198 716 26;
234 654 315 711 Bene
346 653 483 728 equidem
511 655 566 713 tibi
596 654 677 726 diac,
707 653 759 725 qut
785 660 815 714 te
843 654 932 729 digna
961 658 994 712 ut
1019 653 1158 712 eueniant
1179 669 1297 726 precor.

5 775 39 818 :rs
145 747 368 814 Anacoluthen
389 753 439 814 est
459 747 575 814 Pseud.
597 749 633 830 Ι,
656 755 691 830 5,
709 754 763 814 58:
789 752 892 812 hercle
919 751 986 824 qut,
1010 757 1044 809 ut
1069 756 1103 810 tu
1131 751 1299 823 praedicas,

11 855 36 918 fs„
142 849 341 910 Cavendumst
368 850 409 908 mi
437 867 491 923 aps
522 856 551 910 te
580 852 673 925 irato,
697 847 753 912 ubi
775 849 826 922 qut
848 850 939 910 extra
961 845 1152 910 sententiam
1172 845 1300 910 videtur

12 975 33 1035 ,ῖς
142 944 283 1024 positum
311 960 395 1022 esse;
432 961 526 1010 orsus
559 948 609 1010 est
637 945 822 1023 orationem,
850 941 941 1023 quasi
967 961 1103 1024 pergere
1130 942 1299 1008 voluisset²

1 1073 38 1116 12
143 1061 248 1105 cavere
272 1044 375 1103 debeo.
404 1040 500 1107 Poen.
524 1042 550 1123 I,
567 1048 596 1123 2,
620 1049 676 1107 te:
699 1061 767 1104 uam
783 1039 841 1103 tu's
863 1043 963 1118 lepida
987 1045 1071 1103 silice
1095 1044 1223 1115 stultior,
1240 1042 1301 1117 Qui

9 1159 37 1216 :⁴22²
143 1143 220 1202 hanc
244 1157 331 1203 omes.
381 1139 420 1220 V,
445 1145 473 1220 2,
498 1145 556 1205 27:
578 1160 645 1202 nam
668 1144 719 1217 qui
741 1142 819 1202 scire
842 1143 935 1215 potui,
961 1141 1008 1200 dic
1031 1141 1120 1215 mihi,
1147 1139 1205 1217 Qui
1226 1141 1300 1200 illim

2 1275 35 1315 ,ς
143 1240 282 1300 sexennis
311 1238 452 1312 peterem
475 1238 679 1316 Carthagine?
702 1257 735 1304 ,v.
767 1242 825 1302 73:
854 1239 895 1298 At
921 1239 1023 1298 hercle
1047 1243 1077 1297 te
1099 1239 1246 1298 hominem
1271 1243 1302 1296 et

145 1337 358 1412 sycophantam
391 1345 421 1398 et
451 1339 606 1398 subdolum
635 1337 691 1416 (sc.
720 1353 790 1398 esse
813 1337 962 1415 oportet),
993 1336 1052 1412 Qui
1074 1337 1130 1396 hnc
1154 1335 1301 1396 advenisti

146 1438 220 1498 cett.
244 1432 281 1509 V,
306 1437 335 1513 5,
359 1438 415 1499 37:
438 1436 496 1512 Qui
518 1437 586 1496 huic
609 1452 641 1495 es
664 1438 816 1496 molestus.
846 1430 934 1496 Pers.
958 1431 983 1511 Ι,
1007 1436 1036 1509 2,
1060 1436 1114 1495 23:
1131 1433 1184 1492 Set
1199 1449 1300 1492 sumne

152 1549 206 1607 ego
222 1534 340 1606 stultus,
366 1533 418 1605 qut
439 1550 504 1594 rem
525 1551 596 1593 euro
618 1530 805 1608 publicami,
830 1561 867 1573 —
892 1526 922 1591 h.
946 1529 1074 1610 equod
1096 1547 1182 1606 cure,
1205 1545 1302 1607 quum

6 1601 33 1716 ᾗ,
149 1645 266 1692 curem.
288 1626 349 1706 ΙΙΙ,
375 1632 402 1707 l,
426 1633 483 1694 63:
507 1631 576 1703 quot
599 1630 651 1690 dos
674 1632 714 1690 sit
736 1630 823 1691 domi.
867 1625 926 1702 IV,
949 1632 986 1706 4,
1014 1630 1087 1690 115:
1117 1630 1147 1688 di
1170 1629 1300 1704 deaeque

2 1775 25 1810 „,
148 1735 178 1786 te
202 1730 316 1802 agitant
338 1729 423 1805 irati,
446 1732 561 1803 scelus,
584 1728 642 1806 Qut
664 1729 740 1788 hanc
764 1746 822 1788 non
843 1744 988 1802 properes
1012 1729 1171 1787 destinare.
1201 1729 1302 1803 6‚17‚:

2 1819 29 1914 ζ,
148 1827 257 1901 quippe
281 1826 333 1897 qut
360 1825 456 1885 frater
486 1829 551 1887 siet.
596 1823 689 1904 Epid.
711 1823 776 1901 III,
803 1829 834 1899 l,
859 1827 893 1886 6:
915 1826 1052 1884 Absurde
1080 1824 1170 1898 iacis,
1197 1825 1249 1895 qur·
1270 1830 1301 1882 te

1 1963 27 2012 ,Γ
147 1941 238 1997 ungas
261 1925 360 1984 animi.
399 1920 496 1986 Stich.
513 1920 538 1999 I,
557 1926 584 1998 1,
608 1926 641 1986 2:
666 1924 762 1983 Credo
786 1941 840 1997 ego
853 1922 993 1982 miseram
1012 1920 1104 1982 inisse
1120 1923 1299 1996 Penelopam

2 2051 26 2082 a.
145 2053 188 2062 -
211 2022 293 2097 Qrtoe
320 2026 381 2080 tam
408 2021 458 2080 diu
485 2023 548 2082 viro
581 2039 634 2082 suo
661 2022 749 2082 uidua
776 2021 882 2080 caruit.
927 2015 1137 2096 Men.11,2‚
1165 2020 1222 2081 26;
1249 2020 1300 2078 ubi

2 2161 22 2191 ,.
146 2135 200 2194 ego
232 2124 262 2178 te
294 2119 434 2192 noverim,
458 2120 517 2195 Qui
545 2121 669 2179 amicam
692 2137 773 2180 eram
795 2135 892 2190 meam
913 2118 1025 2178 habeas
1047 2117 1124 2177 hanc
1144 2115 1299 2178 Erotium?

5 2198 24 2302 ,⁹5
145 2213 194 2294 ΙΙ,
218 2219 253 2293 2,
276 2219 331 2280 48;
354 2217 432 2293 quod
454 2225 484 2276 te
507 2229 595 2292 urget
618 2221 729 2288 scelus,
759 2218 817 2294 Qui
845 2217 913 2276 huic
935 2216 977 2276 sis
998 2215 1160 2276 molestus?
1204 2212 1299 2276 Poem

147 2313 184 2390 V,
208 2317 237 2388 2,
261 2318 318 2376 tl:
335 2315 488 2374 Hominem
503 2317 692 2390 peregrinum
715 2323 802 2390 atque
826 2315 968 2374 advenam
991 2312 1042 2385 pot
1063 2313 1204 2372 inrideas.
1233 2309 1299 2374 Mil.

147 2409 203 2488 IV,
230 2414 256 2487 l,
281 2413 299 2472 5
323 2427 386 2489 sq:
408 2414 484 2485 Quin
508 2421 540 2472 tu
562 2420 643 2472 tuam
665 2430 728 2472 rem
751 2431 823 2473 cura
844 2413 942 2486 petius
966 2427 1053 2486 quam
1076 2411 1201 2470 Seleuci.
1224 2425 1301 2480 quae

150 2511 206 2569 tibi
229 2508 364 2568 conditio
387 2527 464 2570 nova
492 2511 645 2570 luculenta
674 2508 770 2570 fertur
791 2527 847 2584 per
868 2526 914 2569 me
936 2509 1142 2582 interpretem,
1165 2506 1257 2585 adq.
1280 2505 1301 2572 l.

148 2603 307 2670 Lindem.:
337 2603 444 2682 „Haec
469 2603 637 2672 referenda
664 2608 697 2669 et
723 2604 920 2670 annectenda
947 2601 1089 2668 suntad
1124 2603 1300 2682 superiora.

153 2703 254 2766 Tuam
276 2719 346 2765 rem
374 2702 482 2781 potius
507 2720 598 2780 cura;
626 2703 744 2784 quippe
772 2719 869 2788 quum
896 2699 1052 2767 eiusmodi
1078 2700 1216 2766 conditio
1244 2699 1304 2764 tibi

150 2798 312 2876 offeratur,
334 2816 416 2879 quae
435 2800 520 2864 omni
542 2817 619 2865 cura
641 2801 684 2866 sit
698 2800 802 2880 digna.
833 2800 893 2866 Vel
911 2799 1031 2881 potius:
1054 2797 1192 2862 conditio
1208 2797 1302 2876 enim,

149 2915 231 2978 quae
255 2897 313 2962 tibi
335 2895 446 2976 fertur,
470 2898 548 2963 satis
570 2897 732 2964 luculenta
754 2897 834 2964 est.“
878 2899 1030 2966 Similiter
1051 2897 1118 2964 Mil.
1142 2895 1174 2960 Π
1195 2903 1225 2972 4,
1242 2900 1299 2959 52:

148 2998 267 3058 Dudum
289 2998 396 3072 edepol
418 3001 569 3073 plenumst
590 3000 620 3058 id
645 3001 779 3075 quidem:
809 3015 886 3071 quoe
908 3001 956 3060 hic
978 3017 1071 3074 usqne
1093 2987 1185 3057 inerit
1211 2996 1302 3074 intus,

149 3091 203 3158 ubi
230 3093 334 3160 Lindo
364 3096 466 3172 ‚,Qaac
496 3112 555 3174 pro
581 3095 688 3172 quone
709 3115 800 3172 qaum
826 3093 927 3161 hoec.“
975 3093 1064 3174 Capi.
1092 3092 1156 3173 ΠΙ,
1184 3097 1222 3170 4,
1247 3095 1301 3154 97;

149 3211 188 3254 an
215 3201 247 3253 tu
270 3193 399 3255 fortasse
429 3194 512 3254 fuisti
538 3213 621 3256 meae
650 3197 739 3256 matri
763 3197 918 3270 opstitrix,
945 3196 1004 3271 Qui
1026 3195 1057 3253 id
1078 3199 1138 3254 tam
1161 3192 1303 3252 audacter

149 3293 250 3353 dicere
273 3289 383 3352 audes?
426 3289 518 3371 Epid.
530 3291 586 3372 IV,
610 3295 639 3370 2,
663 3295 698 3354 5:
720 3307 796 3364 quae
811 3310 848 3352 ex
869 3295 899 3354 te
916 3301 987 3354 nata
1009 3291 1066 3353 sit?
1081 3307 1110 3354 v.
1125 3293 1181 3352 11:
1205 3287 1303 3362 Quid?

150 3406 204 3465 ego
226 3391 405 3451 lenocinium
427 3389 515 3466 iccio,
538 3392 753 3464 collaborem
779 3391 893 3452 alienos
916 3389 994 3450 domi
1023 3393 1123 3465 Atque
1150 3393 1304 3464 argentum

151 3489 318 3562 egurgitem
340 3486 426 3547 domo
448 3488 605 3562 prorsum?
648 3485 728 3550 Rud.
756 3484 788 3565 I,
812 3490 845 3564 2,
872 3488 925 3550 16:
950 3489 1003 3548 Set
1024 3495 1121 3548 utrum
1149 3491 1181 3544 tu
1203 3500 1304 3544 masne

154 3603 191 3644 an
220 3583 371 3660 femina’s,
400 3586 557 3657 catillum
579 3593 695 3662 patrem
722 3584 829 3648 Vocas?
848 3598 876 3646 v.
901 3585 1037 3647 21:Tibi
1059 3584 1176 3660 quidem
1192 3583 1303 3655 hercle,

154 3683 285 3758 quisquis
309 3700 358 3756 es,
381 3701 517 3759 magnum
539 3686 664 3758 malum,
686 3684 745 3760 Qui
766 3684 900 3744 oratione
921 3683 970 3742 hic
993 3683 1154 3758 occupatos
1177 3695 1304 3752 occupes.

149 3771 209 3854 IV,
238 3782 274 3856 4,
304 3779 361 3844 69:
407 3781 498 3855 euin,
526 3782 602 3841 istae
629 3788 728 3842 mutae
750 3788 833 3856 sunt,
863 3795 940 3852 qaue
961 3798 1017 3856 pro
1041 3797 1072 3842 se
1094 3778 1223 3839 fabulari
1245 3793 1304 3836 non

150 3875 279 3946 ducant?
301 3893 330 3941 v.
356 3881 430 3942 103:
474 3880 547 3938 Tum
569 3880 623 3939 tibi
646 3878 748 3940 hercle
771 3879 842 3938 deos
864 3881 958 3940 iratos
980 3895 1046 3938 esse
1070 3882 1203 3952 oportet,
1227 3876 1305 3950 quis·

150 3973 216 4047 quis
245 3990 294 4052 es,
327 3975 410 4054 Quae
438 3978 573 4052 parentis
596 3984 657 4038 tam
677 3978 708 4038 in
731 3983 886 4053 angustum
910 3983 975 4036 tuos
998 3978 1095 4036 locum
1117 3973 1305 4048 conpegaris.

149 4065 220 4132 Aul.
243 4068 300 4150 IV,
324 4076 373 4152 10,
396 4077 451 4138 39:
474 4075 568 4135 Sanus
587 4081 619 4134 tu
642 4092 700 4135 non
724 4092 766 4150 es,
789 4075 842 4147 qui
862 4073 958 4134 furem
981 4091 1026 4133 me
1050 4088 1146 4133 uoces.
1190 4066 1304 4148 Amph.

148 4164 230 4248 prol.
253 4186 281 4233 v.
316 4172 373 4234 22:
411 4172 520 4248 quippe
544 4172 596 4245 qui
623 4175 824 4236 intellexerat.
846 4188 876 4236 v.
901 4174 954 4235 57:
991 4171 1082 4244 Quasi
1104 4169 1233 4230 nescium
1255 4183 1308 4228 vos

148 4271 240 4347 velle,
262 4267 315 4344 qui
336 4270 418 4332 divos
442 4272 525 4333 siem
546 4267 573 4348 Ι,
599 4273 631 4350 1,
655 4273 691 4334 2;
715 4270 772 4345 Qui
794 4285 840 4330 ma
864 4273 941 4332 alter
963 4275 1010 4330 est
1032 4267 1173 4330 audacior
1192 4295 1234 4308 -
1259 4265 1307 4324 Iu-
