3004 4764
327 273 345 314 1.
373 273 544 316 ΡΙΟΝΟΙῘΝΔ
557 272 748 324 ΡΕΙΟΟΙΔΒῙΑ,
761 271 941 324 mmm,
956 271 1130 314 auruum.
1248 274 1311 336 ωδ

149 448 260 508 minum
276 448 422 524 luppiter,
442 449 478 512 Is
498 464 555 512 nos
575 467 632 526 per
653 449 752 526 gentis
773 447 851 525 [hic]
873 449 964 510 alium
986 448 1048 510 clia
1061 446 1208 521 dispurct
1229 439 1312 504 Item

147 541 188 606 ib.
213 560 241 607 v.
266 545 406 610 13-15:
427 548 485 621 uui
506 545 599 609 falsas
622 547 686 608 litis
708 545 794 608 falsis
815 545 995 608 testimoniis
1017 545 1127 604 Petunt
1149 541 1258 618 quique
1278 540 1312 600 iu

147 642 213 702 iure
237 641 376 704 abiurant
398 645 565 719 pecuniam,
588 646 705 706 mocon
726 642 885 706 referimus
907 644 1027 706 nomina
1048 640 1186 716 ascripto
1207 639 1246 699 ad
1263 637 1312 698 10⁴
1334 683 1338 692 ,

148 755 222 800 uem.
268 738 349 804 Rud.
373 738 415 818 Π,
440 744 470 820 3,
494 745 549 804 ⁷2:
583 757 638 818 ego
660 741 738 816 qood
758 743 832 802 mihi
852 741 1011 816 imperavit
1032 737 1181 800 Sacerdos
1208 736 1242 796 id
1268 733 1313 796 is·

149 839 234 897 ciam.
280 833 366 899 Trin.
389 835 433 916 11,
459 843 485 918 1,
510 841 566 902 lo:
597 841 764 915 Numquam
786 855 870 900 amor
892 853 1068 914 quamquam
1090 837 1148 898 nisi
1171 833 1312 910 cupida!

147 937 282 1008 postulat
304 951 335 996 se
358 936 506 998 homiuem
528 939 559 998 in
581 940 687 1013 plagas
711 937 873 998 Conicere:
905 937 1067 1011 conpetit,
1097 949 1147 994 eos
1169 935 1311 1004 sectatur,

148 1029 188 1092 ad
211 1045 240 1108 q.
264 1028 285 1094 l.
308 1028 467 1096 Lindum:
500 1033 571 1112 „Itu
591 1033 698 1114 pergit
719 1031 838 1112 oratio,
869 1035 1021 1111 unquam
1043 1033 1140 1094 autea
1162 1026 1311 1092 dixmset:

147 1128 267 1202 cupidos
289 1130 428 1194 tommo.
473 1129 558 1195 Ante
579 1134 686 1196 tamen
701 1131 841 1206 mpidum
856 1132 1012 1200 misem,
1033 1127 1119 1209 quod
1143 1122 1312 1191 collective

149 1240 256 1302 sensu,
278 1227 315 1289 ut
337 1226 536 1306 grammatici
557 1227 749 1308 loquuntur,
772 1227 992 1308 accipiendum
1014 1223 1095 1292 est.“
1140 1223 1242 1288 Immo
1265 1238 1314 1282 eos

148 1321 287 1401 positum
312 1327 362 1387 cst
382 1341 456 1402 pro:
479 1324 561 1390 tales
582 1323 735 1403 hominus,
751 1324 862 1403 quoles
883 1324 977 1390 modo
993 1320 1156 1403 descripsi.
1191 1317 1313 1398 Apiu-

148 1418 210 1484 rali
232 1422 339 1484 cutam
362 1439 495 1486 numero
518 1422 558 1486 ud
582 1421 775 1503 singularem
797 1422 967 1488 translatio
993 1424 1045 1486 est
1071 1417 1184 1500 Amph.
1207 1415 1251 1496 11,
1284 1422 1311 1495 l,

148 1523 207 1582 41:
223 1521 305 1594 Aput
320 1537 402 1580 erum
419 1523 556 1596 quivero
570 1523 711 1598 loquitur,
733 1524 759 1583 si
775 1523 810 1582 id
823 1525 852 1584 vi
873 1537 977 1584 versem
998 1520 1135 1581 vincitur.
1173 1513 1241 1580 Mil.
1256 1512 1313 1592 IV,

148 1618 178 1694 2,
200 1619 255 1680 22:
277 1617 319 1676 Id
339 1637 394 1679 nos
417 1620 455 1680 ad
474 1626 514 1696 te,
532 1620 628 1694 siquid
644 1622 747 1693 valles,
764 1622 907 1692 uenimus,
931 1616 972 1682 ad
994 1634 1024 1696 q.
1040 1615 1061 1680 l.
1080 1613 1239 1678 Lindem:
1255 1611 1313 1682 „ld

147 1728 206 1791 pro
229 1731 277 1793 co,
301 1714 386 1793 quod
407 1713 504 1795 vulgo
528 1714 654 1791 dicitnr,
669 1723 794 1792 propter
814 1718 860 1786 id,
877 1721 1038 1792 propterca
1052 1707 1313 1792 nequeatissimo

147 1809 232 1890 apud
248 1810 408 1890 Plautum,
425 1811 464 1876 dc
480 1827 543 1890 quo
559 1810 597 1876 cf.
612 1811 707 1878 Parei
718 1812 841 1878 lexicon
863 1831 888 1879 s.
907 1811 938 1877 1ι.
961 1831 991 1878 v.
1014 1810 1166 1876 Eiusdem
1183 1803 1313 1889 generis

147 1913 198 1971 ast
213 1906 299 1971 Trin.
315 1907 341 1986 I,
358 1913 386 1986 2,
404 1913 458 1974 59:
473 1911 547 1972 Sio'd
558 1929 616 1972 non
632 1927 679 1972 ma
694 1927 829 1987 accusas,
842 1918 906 1974 tute
922 1907 1164 1989 obiurgandn¹s.“
1180 1904 1312 1970 Terent.

146 2006 244 2071 Andr.
269 2007 347 2086 prol.
363 2026 392 2072 v.
416 2013 450 2072 2:
472 2010 514 2069 Id
535 2011 593 2070 sibi
616 2013 716 2085 negoti
739 2009 868 2070 credidit
891 2012 986 2072 solum
1009 2010 1084 2070 dari.
1122 2004 1205 2070 Eun.
1228 1998 1311 2084 prol.

145 2120 174 2165 v.
198 2108 253 2168 30:
271 2107 363 2166 Colax
378 2108 580 2168 Menandrist:
596 2109 627 2166 in
649 2115 714 2167 eost
728 2109 881 2182 parasitus
903 2109 990 2168 colax
1004 2108 1047 2168 Et
1061 2107 1147 2168 miles
1162 2103 1314 2181 gloriosus

147 2199 190 2279 (h.
213 2219 240 2266 c.
262 2201 295 2265 in
321 2219 360 2268 ea
379 2201 562 2278 comoedia).
600 2201 704 2267 Locus
729 2207 955 2268 controversus
978 2201 1148 2268 osonum.
1174 2196 1253 2279 prol.
1283 2215 1312 2260 u.

149 2303 206 2362 15:
229 2300 272 2359 Id
293 2302 345 2362 isti
360 2304 532 2376 vituperant
553 2301 666 2362 iactum
688 2308 778 2377 atquc
799 2303 833 2360 in
861 2317 894 2361 eo
924 2303 1079 2376 disputuut
1108 2295 1315 2362 Contaminari

150 2413 212 2457 non
237 2398 345 2458 decere
360 2398 487 2477 fabulas,
504 2396 590 2476 quod
607 2396 725 2477 duplici
747 2397 841 2461 modo
863 2394 999 2477 intelligi
1014 2399 1131 2476 potest,
1154 2391 1312 2459 autonium

149 2496 277 2572 spectet
297 2497 331 2553 in
354 2511 386 2555 co
409 2494 450 2557 ad
476 2509 667 2574 praegressa
690 2494 735 2570 (in
756 2494 969 2575 vituperando
991 2493 1052 2561 hcc
1072 2491 1184 2572 lucto),
1206 2491 1253 2554 ita
1274 2491 1313 2554 ut

149 2590 304 2664 &micat
316 2588 461 2655 absolute
476 2589 616 2670 positum
632 2591 683 2670 sit,
706 2596 765 2658 aut
786 2592 828 2658 ad
850 2609 889 2656 ca
911 2609 993 2672 quaa
1008 2593 1312 2672 cenomanensis·

148 2687 261 2748 minori
282 2705 342 2748 uon
356 2688 600 2770 demorabatur,
621 2687 682 2755 hac
704 2689 877 2755 sententia:
900 2688 934 2754 in
956 2707 994 2754 co
1016 2689 1086 2771 ipso
1110 2688 1154 2766 (h.
1177 2705 1205 2753 c.
1220 2687 1257 2746 dc
1272 2699 1313 2750 eo

150 2783 232 2864 ipset
257 2783 432 2864 disputant,
455 2789 491 2850 ut
513 2786 622 2851 dicant
643 2792 724 2852 cont.
749 2804 814 2852 non
836 2786 951 2852 decere
971 2785 1105 2852 iabulcs.
1140 2787 1182 2848 Id
1203 2785 1311 2848 autam

151 2883 277 2962 spectat
298 2880 339 2946 ad
360 2897 560 2963 praegressa
605 2885 702 2950 Andr.
726 2883 751 2964 Ι,
776 2891 806 2960 3,
832 2889 871 2949 16
894 2899 979 2964 squ:

648 2983 706 3045 luit
721 2987 792 3046 olim
814 2985 884 3046 hinc
907 2984 1025 3058 quidam
1048 3001 1142 3046 senex

302 3079 469 3140 Mercator:
486 3097 591 3142 navem
613 3080 746 3157 infregit
769 3082 848 3157 apud
863 3082 997 3146 Andrum
1011 3083 1154 3146 insulam:

299 3175 335 3236 Ic
350 3177 424 3237 obiit
437 3185 573 3238 mortem.

237 3269 319 3336 Eun.
341 3267 403 3350 1v,
427 3275 461 3350 6,
488 3279 543 3338 14:
566 3277 643 3338 Nam
666 3279 735 3340 iaec
756 3283 831 3351 eost,
854 3295 941 3354 quam
963 3281 1049 3341 miles
1072 3293 1158 3340 cmc
1180 3277 1210 3337 vi
1232 3289 1313 3336 uuna

151 3377 288 3445 ereptum
319 3373 408 3432 venit
454 3369 532 3436 Hac.
556 3369 595 3451 V,
619 3377 648 3452 2,
683 3378 719 3438 5:
743 3376 871 3436 haecine
901 3375 989 3438 costi
1031 3371 1112 3438 mun.
1136 3370 1197 3452 III,
1219 3375 1250 3450 4,
1273 3371 1312 3440 ds

150 3467 186 3528 Is
209 3483 241 3529 es
264 3485 303 3530 an
325 3485 383 3529 non
407 3467 487 3543 asti,
521 3468 576 3534 ubi
597 3473 625 3533 ia
646 3469 686 3534 de
709 3469 841 3536 absumta
864 3471 991 3551 dicitur,
1016 3490 1046 3536 v.
1070 3471 1148 3536 Em.
1164 3469 1245 3551 syn.
1268 3467 1316 3545 II·‚'

152 3578 183 3641 p.
217 3567 286 3628 127.
330 3562 427 3628 Andr.
450 3561 505 3645 IV,
534 3569 563 3644 i,
589 3571 642 3632 10:
670 3572 722 3632 nic
749 3588 799 3632 res
826 3577 881 3632 est
927 3569 986 3635 Ad.
1010 3569 1075 3649 111,
1099 3575 1135 3649 ii,
1159 3573 1214 3633 54:
1236 3569 1314 3630 Noni

153 3659 180 3722 ia
202 3669 305 3723 nostro
326 3663 438 3726 Simulo
460 3663 519 3725 init
538 3682 676 3729 summas.
720 3665 798 3732 Hoc.
821 3663 884 3746 1v‚
910 3672 943 3747 1,
968 3671 1024 3733 39:
1046 3671 1123 3732 Num
1146 3671 1173 3730 si
1193 3669 1223 3728 is
1241 3682 1314 3742 poa·

154 3766 201 3820 ret
230 3762 269 3820 cb
295 3775 331 3820 co
352 3776 420 3822 sess
442 3763 606 3838 derepente
624 3767 767 3844 avellere,
791 3767 923 3841 Quacum
951 3773 998 3829 tot
1020 3773 1315 3830 consuesset-annos

155 3858 230 3920 cett
276 3855 409 3936 Adelph.
433 3855 458 3936 1,
481 3863 511 3937 2,
536 3863 568 3922 7:
591 3861 752 3936 quidnam
773 3863 808 3924 id
828 3865 897 3926 esti
940 3861 991 3927 Ad
1006 3863 1206 3941 sententiam,
1229 3865 1317 3940 quae

155 3953 302 4032 sequitur
323 3954 462 4024 demum,
485 3953 625 4022 refertur
645 3960 679 4019 id
700 3955 760 4024 Ad.
783 3959 827 4040 V,
851 3966 886 4041 3,
911 3967 966 4027 21:
988 3965 1156 4039 Principio,
1180 3963 1207 4023 si
1226 3958 1261 4019 id
1281 3965 1315 4019 te

154 4051 289 4126 mordet,
318 4059 465 4128 sumptum
487 4054 542 4114 lilii
565 4056 658 4130 Quem
682 4056 811 4136 iaciunt,
841 4058 918 4124 item
938 4059 1020 4125 Eun.
1046 4059 1107 4138 IV,
1131 4063 1166 4138 4,
1190 4059 1247 4122 56:
1270 4055 1317 4118 Id

155 4150 243 4210 modo
266 4150 323 4224 dic,
347 4151 444 4211 abisse
468 4153 591 4214 Dorum.
636 4153 770 4234 Adelph.
793 4155 875 4237 prol.
897 4174 927 4222 v.
953 4161 1007 4222 18:
1030 4163 1112 4222 Ecca
1126 4157 1244 4221 lundam
1262 4154 1314 4214 hio

156 4245 241 4308 ducit
262 4263 436 4323 maumam,
459 4247 514 4313 ubi
537 4247 674 4316 observa
693 4253 918 4320 attractionem
942 4255 1079 4337 generis.

1017 4360 1081 4422 23*
