3040 4758
200 231 243 288 4⁰
632 215 787 255 subornas.
812 217 875 257 CAP.
890 217 930 256 111.

200 390 432 475 significatione
458 387 521 456 loci
542 393 732 471 usurpatum
756 392 814 455 est
860 385 939 454 Cato
967 389 1005 454 R.
1027 387 1065 454 B.
1089 405 1114 452 o.
1138 387 1171 450 5:
1209 379 1367 468 [Vilicus]
1498 345 1499 350 Ἰ

199 495 313 570 primus
336 493 437 558 ondita
465 495 583 566 surgat,
616 497 785 565 postremus
813 491 942 550 cubitum
971 495 1031 548 eat.
1074 485 1178 550 Plaut.
1207 483 1296 548 bien.
1321 483 1367 562 Π,

1498 1351 1499 1418 l

200 593 230 668 2,
261 593 294 652 5:
328 591 414 649 Prius
436 589 495 648 iam
527 587 668 647 convivae
697 587 888 647 obambulant
919 589 988 646 ante
1023 587 1145 659 ostium,
1182 585 1276 658 Quam
1308 602 1367 658 ego

199 692 341 762 opsonatu
363 686 465 746 redeo.
510 681 585 746 ibid.
608 699 639 746 a.
667 687 718 746 14:
742 685 829 744 Nunc
849 687 992 758 opsonatu
1013 684 1112 744 redeo.

285 789 313 848 9.
347 781 508 843 Ablations
529 799 595 842 cam
610 782 831 856 praepositione
859 784 901 842 ab
929 782 1099 841 coniunctas
1126 781 1167 839 ad
1192 781 1290 840 locam
1315 797 1367 839 ea-

192 882 398 957 primendarn,
429 881 507 940 ande
529 881 646 952 aliaaid
659 881 871 954 proficiscitur.
916 877 977 942 Hic
999 892 1126 954 quaque
1149 881 1206 940 aut
1227 875 1368 956 propria

197 981 254 1042 aut
276 975 433 1040 translata
454 973 686 1056 significatione
708 975 832 1056 positus
861 991 932 1039 esse
952 979 1070 1055 potest.
1114 973 1152 1037 ln
1177 973 1260 1054 legg.
1286 971 1365 1036 ΧΠ.

197 1074 284 1140 tahb.
301 1073 355 1151 IV,
377 1071 452 1138 fra
475 1076 538 1137 est:
563 1077 588 1135 si
610 1083 699 1150 pater
720 1075 812 1134 filium
836 1083 884 1134 ter
905 1090 1012 1134 venum
1034 1074 1108 1145 duit,
1130 1073 1210 1132 filius
1234 1089 1254 1130 a
1270 1075 1368 1146 patre

198 1175 273 1233 liber
294 1181 368 1232 esto.
412 1167 512 1234 Naar.
540 1167 580 1233 fr.
611 1169 671 1235 inc.
702 1188 781 1235 eom.
810 1174 838 1247 3,
865 1189 893 1234 v.
926 1173 999 1233 11οε
1033 1172 1071 1230 ab
1098 1171 1196 1230 annica
1226 1169 1366 1230 abduxit.

196 1268 295 1334 Naev.
321 1265 497 1331 Tarentilla
523 1264 562 1330 ir.
587 1271 620 1346 2,
648 1285 677 1332 v.
702 1271 742 1332 78
772 1267 869 1348 [quod
891 1265 1008 1330 Bothio
1038 1270 1088 1330 cst
1110 1265 1205 1330 Ennii
1232 1264 1272 1330 ir.
1299 1266 1365 1344 ine.

196 1369 279 1446 trag.
297 1361 368 1446 60]:
393 1383 413 1426 a
435 1366 529 1426 labra
552 1368 643 1426 alium
665 1369 794 1440 invocat,
817 1365 872 1429 nbi
892 1363 1043 1428 Bothius:
1067 1384 1085 1425 a
1107 1366 1210 1438 labris,
1232 1381 1299 1427 non
1325 1381 1367 1428 ex

196 1463 310 1526 animo.
357 1462 456 1528 Naev.
486 1461 664 1528 Tarentilla
691 1461 730 1526 fr.
757 1467 810 1528 12:
844 1466 958 1525 abeatis
990 1466 1028 1523 ab
1048 1464 1182 1537 tpnaoo'a.
1227 1461 1366 1526 Catonis

196 1560 466 1641 apophthegmata
497 1557 597 1636 (Lion.
628 1577 658 1638 p.
682 1559 736 1640 96)
766 1577 817 1640 ap.
840 1558 919 1623 Plin.
942 1559 1017 1638 hist.
1040 1563 1104 1623 nat.
1131 1564 1185 1638 15,
1212 1563 1249 1623 18
1274 1559 1364 1634 (20);

195 1659 352 1733 Interrogo
368 1677 476 1719 vos-
493 1659 610 1734 qnando
631 1662 708 1720 hanc
727 1677 845 1734 pomum
863 1661 1012 1734 demptam
1034 1660 1147 1733 putetis
1158 1672 1207 1718 ex
1229 1657 1365 1718 arbore?

197 1785 235 1796 -
263 1757 356 1830 Atqui
386 1758 508 1816 tertium
537 1787 580 1797 -
608 1764 678 1815 ante
706 1757 783 1816 diem
818 1759 926 1817 scitote
954 1757 1126 1831 decerptam
1148 1741 1363 1830 -Carthaginffi

195 1860 256 1913 tam
283 1870 377 1928 prope
401 1869 421 1912 a
442 1853 538 1914 anons
559 1854 702 1914 habemns
724 1855 857 1914 hostem.
903 1853 939 1918 R.
970 1853 1008 1916 R.
1038 1869 1064 1916 c.
1089 1855 1144 1916 51:
1178 1855 1225 1914 Ab
1248 1856 1362 1913 arbore

195 1949 247 2010 abs
270 1955 351 2010 terra
377 1952 453 2024 pulli
481 1943 583 2032 [junge
605 1945 738 2031 Strage)
763 1955 814 2027 qui
837 1960 1007 2012 nascentur.
1052 1949 1116 2014 Ib.:
1151 1953 1234 2012 Haeo
1257 1953 1363 2011 omnia

195 2049 331 2122 acapite
351 2050 516 2123 propagari
537 2079 579 2091 -
603 2057 730 2123 oportet.
777 2045 810 2112 d.
838 2051 911 2112 133:
944 2051 1063 2122 Ficum,
1095 2051 1191 2109 oleam
1215 2081 1257 2090 -
1281 2051 1361 2108 haec

86 2163 96 2176 ·
194 2147 293 2204 omnia
320 2162 433 2220 genera
458 2163 478 2204 a
499 2146 646 2219 capitibus
673 2149 899 2222 propagari-
921 2149 1082 2222 oportebit.
1129 2141 1162 2207 C.
1190 2150 1241 2209 14:
1278 2148 1361 2206 Huic

193 2243 279 2316 'operi
293 2243 428 2316 precium
448 2243 485 2302 ab
504 2243 621 2302 donnino
637 2244 718 2312 bono,
742 2245 792 2319 qui
812 2245 887 2305 bene
908 2247 1053 2321 praebeat
1073 2262 1148 2320 quae
1171 2262 1245 2318 opus
1277 2250 1360 2304 sunt,

194 2345 226 2398 et
247 2357 351 2401 nomos
373 2339 431 2400 fido
454 2343 532 2402 bona
555 2345 658 2402 solvat.
696 2337 730 2404 C.
749 2343 803 2403 18:
825 2341 875 2401 Ab
893 2345 954 2404 solo
975 2341 1108 2403 foramen
1128 2344 1254 2416 primum
1278 2343 1357 2404 cett.

191 2432 254 2496 vid.
278 2433 458 2501 Schneider.
480 2434 560 2501 Cato
583 2453 633 2516 ap.
654 2435 735 2502 Gall.
751 2436 822 2515 VII,
847 2444 865 2502 3
895 2437 1144 2515 (Weissenborn.
1166 2437 1205 2500 do
1221 2435 1359 2517 gerund.

192 2547 222 2610 p.
246 2533 335 2608 129):
358 2541 561 2596 transvorsum
577 2536 698 2596 trudere
720 2545 835 2597 areote
851 2537 1027 2598 consalando
1047 2542 1136 2611 atque
1151 2536 1357 2608 intollcpendo.

192 2627 230 2692 R.
246 2627 283 2692 R.
309 2648 333 2693 c.
354 2634 428 2695 151:
456 2631 549 2693 facito
572 2635 616 2692 uti
638 2636 676 2694 ab
699 2635 797 2695 herbis
818 2653 936 2710 purges.
982 2631 1015 2696 O.
1041 2638 1095 2696 14:
1119 2635 1228 2694 Villam
1250 2633 1357 2692 aedifi·

195 2729 320 2789 eandam
345 2733 370 2791 si
393 2732 506 2793 locabis
529 2749 633 2792 novam
657 2733 694 2791 ab
716 2733 790 2802 solo,
822 2729 853 2796 h.
877 2749 903 2795 e.
927 2729 1013 2810 quod
1035 2729 1151 2793 attinet
1173 2729 1215 2791 ad
1237 2728 1353 2792 solum.
1498 2809 1499 2818 ἵ

192 2821 226 2887 Ο.
251 2827 305 2888 34:
340 2835 446 2902 aperta
468 2829 505 2888 ab
527 2831 650 2897 ambra,
672 2827 702 2892 h.
727 2846 753 2892 e.
779 2823 855 2910 111111
877 2835 937 2891 bon
962 2823 1072 2892 &titan
1100 2825 1151 2890 bet
1177 2824 1354 2904 &datiani
1426 2833 1428 2837 ’
1498 2859 1499 2902 ,

152 2963 155 2972 .
190 2937 253 2985 non
277 2927 363 2986 tecta
385 2922 507 2988 umbri.
553 2924 648 2989 Ennii
671 2925 851 2990 Telamonis
871 2923 910 2990 ir.
936 2931 965 3005 2,
988 2945 1017 2990 v.
1043 2930 1120 2990 359:
1154 2927 1191 2986 ab
1219 2928 1260 2986 cis
1282 2929 1352 2986 dra·
1498 2911 1499 2942 ¹

191 3021 326 3082 chnmam
351 3025 409 3098 ipsi
431 3031 547 3100 petunt.
586 3020 721 3102 Telephi
735 3021 773 3086 fr.
790 3027 822 3087 8:
846 3027 945 3086 demat
968 3027 1021 3084 abs
1045 3029 1071 3087 te
1092 3026 1225 3100 regimen
1242 3029 1351 3098 Argos.

190 3113 339 3198 Thyestis
362 3117 400 3184 fr.
425 3124 454 3199 6,
477 3138 505 3184 v.
524 3125 599 3186 397:
623 3124 673 3196 qul
696 3123 841 3197 quondam
865 3141 885 3181 a
905 3141 993 3184 sacra
1015 3125 1165 3184 Oenomao
1187 3139 1258 3197 rege
1274 3123 1351 3194 Hip-

188 3217 364 3290 podameam
390 3222 485 3293 raptis
515 3224 656 3279 nanctnst
677 3221 798 3293 nuptiis.
843 3218 1042 3283 Euhemerus
1064 3217 1102 3283 ir.
1128 3223 1176 3297 11,
1199 3223 1254 3283 49:
1284 3235 1351 3278 cum

188 3327 343 3388 a'pnoqac
365 3315 581 3391 digrederetur.
627 3313 722 3378 Ennii
741 3314 972 3396 epigrammata
988 3322 1016 3395 3,
1039 3335 1067 3378 v.
1086 3323 1119 3380 7:
1141 3323 1168 3378 A
1192 3321 1254 3378 sole
1278 3335 1348 3376 exo-

188 3411 295 3472 riente.
340 3409 436 3472 Ennii
456 3409 493 3474 ir.
511 3411 683 3475 Alcumaea
698 3418 729 3492 4,
752 3431 781 3476 v,
799 3419 853 3477 55:
876 3416 976 3476 Diana
997 3416 1093 3476 facem
1116 3419 1189 3476 iacit
1210 3433 1230 3474 a
1253 3416 1347 3475 iaeoa.

187 3503 283 3568 Ennii
305 3507 385 3570 Aiax
406 3506 445 3572 fr.
468 3512 500 3572 3:
523 3516 621 3570 utrum
643 3513 732 3570 bacin
754 3511 859 3573 feriam
883 3531 920 3572 an
943 3514 981 3572 ab
1004 3514 1090 3573 laena
1111 3512 1209 3574 latus?
1250 3510 1347 3575 Alcu-

186 3619 279 3666 maeo
301 3603 338 3668 ir.
362 3611 393 3684 4,
415 3625 445 3668 v.
470 3609 527 3670 50:
557 3615 674 3682 pestem
697 3609 782 3683 abige
805 3627 825 3668 a
846 3627 899 3670 ne.
945 3608 1169 3674 Andromacha
1190 3608 1345 3674 Aeohma-

187 3697 263 3764 lotis
284 3699 321 3766 ir.
339 3708 373 3768 3:
396 3706 554 3780 longinque
578 3706 617 3765 ad
638 3705 722 3764 dorm
743 3708 859 3767 Bellum
882 3717 1031 3783 gerentes.
1069 3705 1220 3771 Hectoris
1242 3706 1345 3770 lustra
1382 3757 1385 3761 .
1498 3695 1499 3706 ’

184 3794 223 3861 ir.
250 3803 303 3863 17:
336 3803 382 3862 ius
414 3809 502 3876 atque
533 3819 637 3862 aecum
661 3820 693 3864 se
717 3819 737 3862 a
757 3805 846 3865 natis
868 3808 985 3880 spernit
1014 3802 1057 3876 (h.
1082 3821 1108 3868 e.
1137 3821 1264 3868 rursum
1295 3821 1344 3867 se-

187 3898 313 3976 gregat)
337 3900 452 3974 procul.
497 3895 682 3978 Iphigeniae
703 3895 814 3963 fr.12:
836 3903 995 3978 Postquam
1019 3905 1072 3965 abs
1095 3907 1129 3972 tc,
1151 3906 1341 3978 Agamemno,

184 3997 218 4053 ut
240 3998 379 4070 venirem,
403 3997 502 4072 tetigit
517 4005 605 4058 aures
622 4000 751 4058 nuntius.
796 3997 890 4061 Ennii
913 4000 1014 4063 annal.
1036 3999 1097 4065 inc.
1120 3999 1206 4063 sedis
1229 3999 1341 4080 fragm.

188 4093 240 4152 15:
265 4100 355 4166 capnt
376 4111 396 4152 a
418 4095 529 4154 acrone
548 4098 707 4155 revulsum.
751 4093 856 4157 Plaut.
880 4094 992 4175 Amph.
1016 4095 1059 4176 ΙΙ,
1083 4101 1112 4176 2,
1138 4101 1214 4161 112:
1249 4115 1339 4173 egone

184 4205 238 4260 aps
263 4191 289 4249 te
312 4191 379 4249 abii.
414 4187 548 4268 Mihlv,
575 4195 603 4269 1,
628 4195 681 4255 39:
709 4195 764 4252 Vin
789 4201 821 4253 tu
842 4195 926 4254 illam
949 4203 1080 4256 actutum
1104 4214 1251 4269 amovere,
1274 4213 1294 4254 a
1316 4199 1341 4254 tc
