3064 4754
200 278 264 336 244
652 265 808 311 flllBfflll'r.
822 265 885 308 ΟΔΡ.
900 265 940 308 ΙΙΙ.

199 442 282 508 Eun.
298 441 338 522 V,
352 445 384 521 8,
400 445 454 509 34:
475 443 507 504 Si
528 447 559 504 te
581 446 612 505 in
634 445 738 520 platea
758 441 910 504 offendero
932 443 989 504 hcc
1012 447 1082 518 post
1101 455 1249 515 umquam,
1271 438 1353 512 qaod

202 543 285 604 dican
306 541 378 601 mihi
401 540 510 602 ‘Alium
533 541 721 616 qnaembam,
742 541 802 600 iter
822 539 880 600 hac
900 538 1009 614 hahui',
1031 537 1158 614 periisti
1193 529 1276 600 {llud
1291 531 1352 598 had

202 634 379 720 auictaupt,
401 629 461 714 hat
484 632 526 700 ta
548 632 608 699 mit
629 634 710 699 ettae
731 630 816 718 [agit.
846 633 1013 701 Sententia
1026 637 1090 699 est:
1115 627 1218 698 flictu
1233 628 1275 711 id)
1291 627 1353 712 stc>

200 731 282 815 hefte
306 730 369 798 auh
392 732 434 795 ba
456 730 515 796 mic
537 729 629 816 tagit,
655 729 745 812 ic...
774 730 855 796 sive:
882 729 913 812 ic
936 728 992 810 biit
1013 729 1056 795 hu
1078 727 1232 799 sectarer,
1262 738 1355 792 trena

199 830 241 896 bu
264 829 335 912 aad
357 826 444 914 lapll.
481 829 563 895 Eun.
579 828 634 909 IV,
651 834 680 909 7,
699 832 752 893 15:
780 831 1035 904 concubinum
1057 831 1103 891 vir
1124 829 1261 889 videatur
1284 845 1352 890 esse

199 933 259 1006 hic,
280 931 390 992 nehuio
411 945 534 1006 magnus
558 935 613 990 est.
658 924 846 991 coniunctio
867 929 918 992 est
937 927 1016 1003 qaod
1033 924 1066 990 in
1088 924 1153 989 his:
1175 923 1274 988 Naev.
1291 921 1352 987 Oo-

198 1027 252 1092 lax
272 1023 313 1090 fr.
337 1031 367 1104 3,
394 1042 422 1088 v.
447 1029 502 1090 34:
534 1026 620 1103 Quod
643 1032 766 1102 praeter
792 1041 881 1102 quam
909 1026 1017 1086 veliem
1046 1024 1202 1085 audiebam
1228 1023 1286 1083 hoc
1313 1023 1355 1081 mi

201 1127 326 1188 eminus.
369 1120 464 1186 Ennii
477 1120 680 1186 Euhemerus
701 1119 740 1185 fr.
758 1129 787 1200 3,
809 1125 844 1185 8:
868 1123 947 1196 qaod
968 1122 1096 1183 videbat.
1140 1117 1236 1184 Ennii
1250 1117 1353 1199 Iphig.

200 1219 238 1286 fr.
262 1225 296 1285 8:
326 1223 392 1296 Ego
413 1221 580 1296 proiectos,
603 1219 682 1293 quod
702 1226 736 1280 tu
756 1235 879 1295 peccas:
903 1226 935 1281 tu
960 1219 1122 1296 delinquis,
1146 1236 1201 1294 ego
1223 1216 1356 1294 arguor?

201 1318 306 1384 Plaut.
329 1315 400 1381 Aul.
422 1313 466 1394 II,
490 1319 519 1394 5,
544 1319 597 1380 18:
627 1317 706 1390 qaod
733 1323 764 1377 te
791 1318 854 1379 scio
876 1319 980 1380 Facile
1007 1318 1158 1379 abstinere
1186 1332 1293 1391 posse,
1329 1317 1356 1376 si

198 1419 275 1480 nihil
296 1416 451 1488 chrismat,
474 1412 567 1493 adq.
590 1412 611 1478 l.
634 1411 697 1476 vid.
714 1411 846 1478 Taubm.
889 1412 981 1494 Epio.
997 1412 1036 1492 V,
1061 1419 1089 1492 l,
1113 1417 1168 1477 24:
1184 1413 1269 1486 vquood
1290 1414 1350 1473 ista

200 1515 303 1578 valuit.
348 1509 436 1576 Asin.
450 1508 477 1590 Ι,
494 1515 523 1590 3,
545 1515 601 1574 37:
621 1513 769 1590 Equidem
791 1513 854 1574 scic
876 1513 935 1572 iam
956 1513 1036 1574 filius
1058 1511 1137 1586 quod
1158 1516 1238 1572 amet
1259 1525 1353 1584 meus,

200 1610 242 1676 de
264 1626 327 1690 quo
348 1607 418 1673 loeo
439 1607 577 1672 multum
598 1624 619 1671 a
639 1607 717 1672 viris
738 1605 841 1672 doctis
870 1606 1069 1689 disputatum
1096 1610 1162 1686 est,
1196 1605 1281 1685 quod
1308 1603 1357 1669 of·

200 1706 304 1773 fendit
329 1706 408 1782 puod
434 1707 509 1785 post
530 1704 665 1770 verbum
692 1703 850 1769 sentiendi
875 1704 1031 1785 positum,
1064 1703 1136 1768 vide
1161 1701 1356 1768 Gronovium

202 1803 296 1870 adh.
318 1803 350 1884 Ι,
372 1801 518 1866 Ruddim.
534 1800 577 1881 ΙΙ,
600 1819 630 1882 p.
657 1807 706 1880 12,
728 1801 835 1867 adnot.
857 1805 907 1882 34,
931 1800 1082 1868 scheller.
1098 1819 1127 1882 p.
1142 1804 1213 1880 673,
1236 1800 1355 1883 Reisig.

201 1921 231 1983 p.
245 1905 318 1980 601,
340 1898 576 1964 Weissenborn.
592 1903 674 1980 synt.
690 1916 720 1980 p.
738 1903 811 1978 312,
833 1898 990 1980 Krueger.
1006 1917 1037 1980 p.
1053 1903 1113 1963 761
1130 1898 1236 1963 adnot.
1259 1897 1356 1962 Most.

201 2000 228 2079 Ι,
250 2003 281 2077 3,
303 2001 361 2060 45:
385 1999 477 2058 certo
498 2014 564 2073 ego,
587 1998 665 2071 quod
686 2005 716 2058 te
735 2015 810 2072 amo,
834 2015 956 2074 operam
977 2016 1121 2075 nusquam
1143 1999 1249 2058 melius
1271 2001 1354 2073 potui

201 2113 326 2174 ponere.
361 2091 450 2158 Pers.
472 2091 529 2172 IV,
552 2099 581 2172 3,
603 2096 660 2158 48:
684 2095 743 2156 nisi
764 2095 842 2170 qaod
862 2097 974 2172 pellegi
995 2098 1087 2171 prior.
1118 2093 1216 2158 Mera.
1233 2112 1263 2158 v.
1279 2097 1356 2158 692:

201 2197 349 2255 Parumne
378 2194 436 2252 hoc
464 2198 513 2252 est
533 2194 629 2253 malae
651 2194 698 2253 rei
719 2193 797 2266 quod
828 2199 908 2253 amat
930 2194 1087 2268 Demipho.
1132 2187 1247 2254 Caecil.
1276 2189 1357 2254 seut.

201 2288 344 2356 Plocium
367 2285 404 2352 ir.
422 2293 451 2366 9,
473 2303 502 2350 v.
529 2292 605 2351 175:
629 2307 719 2351 nuum
740 2291 772 2350 id
792 2296 839 2351 iat
861 2295 916 2365 est,
940 2291 1024 2367 Quod
1045 2291 1096 2351 diu
1117 2290 1243 2352 vivendo
1263 2293 1360 2350 multa

203 2405 280 2466 quae
302 2406 361 2449 non
383 2388 444 2448 volt
464 2386 554 2448 videt.
600 2385 726 2452 Terent.
739 2385 875 2466 Adelph.
890 2385 934 2465 II,
957 2391 986 2466 2,
1011 2391 1047 2450 2:
1072 2388 1151 2461 Quid
1173 2388 1260 2463 istuc,
1284 2389 1357 2448 San·

201 2489 266 2562 nio,
288 2485 430 2560 estquod
448 2491 479 2543 te
499 2485 587 2545 audio
604 2486 714 2548 Nescio
735 2486 806 2562 quid
828 2492 1018 2548 concertasse
1038 2504 1102 2546 cum
1127 2485 1199 2545 ero?
1221 2482 1357 2564 Adelph.

201 2580 308 2660 111‚n.
326 2584 358 2645 3:
384 2583 477 2656 Quem
501 2597 597 2657 neque
619 2581 694 2643 fides
716 2599 813 2658 neque
834 2584 881 2643 ius
902 2585 1059 2644 iurandum
1080 2600 1175 2660 neque
1197 2584 1282 2644 illum
1303 2586 1359 2643 mi·

203 2680 369 2742 sericordia
398 2680 556 2755 Repressit
583 2697 679 2756 neque
709 2679 829 2741 reflexit
856 2697 951 2757 neque
986 2681 1064 2755 qaod
1093 2689 1199 2756 partus
1226 2683 1360 2742 instabat

202 2793 308 2854 prope.
344 2774 422 2839 Hec.
439 2774 500 2854 ΙΙΙ,
526 2781 557 2854 3,
571 2779 606 2839 8:
630 2778 743 2839 Laetae
767 2781 935 2839 exclamant
958 2777 1066 2856 ‘venit’,
1088 2779 1122 2838 id
1142 2779 1221 2852 quad
1242 2796 1287 2840 me
1310 2796 1357 2838 re-

198 2882 290 2951 pente
313 2881 498 2949 aspexerant
520 2873 578 2951 (=
599 2876 772 2952 propterea
793 2873 900 2951 quod).

290 2975 339 3035 53.
383 2970 411 3052 β.
448 2970 483 3032 Si
505 2972 581 3032 actio
604 2975 646 3032 esi
666 2972 820 3046 receptiva.
866 2969 968 3036 Plaut
993 2971 1070 3037 cist.
1093 2972 1137 3051 II,
1170 2978 1197 3051 l,
1229 2977 1283 3037 59:
1317 2976 1359 3036 Et

202 3069 282 3131 itata
299 3084 395 3144 paveo
419 3075 450 3128 ct
471 3069 528 3130 hoc
548 3067 685 3131 formido.
729 3066 827 3132 Poen.
850 3067 929 3148 prol.
952 3088 981 3134 v.
999 3073 1055 3135 96:
1079 3073 1191 3132 Earum
1215 3072 1260 3134 his
1283 3073 1355 3132 adu-

201 3170 320 3228 lescens
343 3166 469 3226 alaram
492 3166 631 3226 ecflictim
648 3167 732 3240 perit
745 3165 837 3227 Βααπι
860 3169 916 3228 sibi
938 3173 1093 3242 mpuatam
1116 3169 1287 3245 inprudens.
1317 3165 1356 3245 V,

203 3266 330 3342 2135:
366 3281 468 3324 earum
495 3264 543 3323 hic
574 3264 699 3324 alteram
726 3263 867 3325 ecflictim
889 3267 977 3339 perit.
1021 3264 1137 3330 Bacch.
1160 3264 1219 3343 ΙΙΙ,
1249 3269 1279 3344 3,
1302 3268 1359 3328 66:

200 3362 389 3422 Meretricem
407 3361 527 3436 indigne
543 3360 663 3433 deperit.
692 3357 783 3424 Ourc.
797 3359 823 3440 Ι,
841 3368 869 3440 1,
885 3366 941 3426 46:
964 3379 1001 3424 ea
1015 3381 1060 3422 me
1075 3364 1193 3437 deperit.
1222 3362 1357 3442 Argum.

200 3454 318 3520 Pseud.
340 3452 495 3519 ineditum
519 3454 599 3536 Aug.
622 3454 697 3521 Mei.
719 3455 837 3522 invent.
859 3476 889 3539 p.
914 3462 955 3522 24
979 3462 1056 3536 (490
1078 3458 1125 3523 ed.
1150 3457 1302 3534 Tauchn.)
1326 3477 1356 3523 v.

203 3556 236 3616 2:
265 3554 421 3615 Calidorus
443 3558 572 3614 scorteum
594 3556 709 3616 iuvenis
724 3556 919 3618 Phoenicium
933 3557 1078 3619 Elflictim
1096 3558 1254 3632 deperibat.
1278 3555 1356 3622 (list.

202 3647 280 3728 1,n‚
306 3653 361 3712 12:
395 3651 426 3710 Is
449 3668 548 3710 amore
571 3653 680 3712 misere
703 3653 782 3712 hauc
810 3654 925 3728 deperit
944 3655 1163 3724 mulierculam,
1199 3652 1237 3719 cl.
1261 3671 1303 3719 sc.
1327 3658 1359 3733 3,

201 3765 231 3808 v.
254 3749 313 3809 43:
350 3748 380 3807 Is
411 3764 511 3807 umore
532 3749 734 3820 proiectitiam
758 3751 854 3812 illanc
878 3752 998 3826 deperit.
1043 3751 1156 3832 Amph.
1185 3750 1210 3830 I,
1239 3756 1269 3830 3,
1300 3755 1355 3815 le:

201 3844 334 3919 proinde¹
350 3850 384 3904 ut
405 3844 454 3904 hic
476 3848 503 3903 ta
525 3844 665 3906 ecflictim
687 3846 808 3922 deperit.
851 3847 966 3913 Pseud.
982 3847 1008 3928 I,
1033 3853 1062 3927 n,
1089 3853 1164 3912 114:
1187 3851 1361 3910 Tibicinum

200 3942 285 4003 idam
313 3947 382 4002 tuus
404 3957 494 4014 auam
520 3947 626 4017 gnatus
654 3942 776 4018 deperit.
819 3944 1170 4025 Poen.prol.t¹.103:
1200 3949 1251 4024 qui
1272 3947 1359 4008 illam

202 4037 322 4111 deperit.
368 4035 459 4116 Epid.
482 4035 507 4116 Ι,
534 4041 560 4117 1,
585 4041 640 4102 62:
667 4042 796 4116 Depcrit
825 4044 941 4114 (mente
963 4043 1154 4120 addetam).
1198 4043 1291 4123 Epid.
1314 4042 1360 4122 Π,

203 4137 233 4212 2,
256 4137 312 4197 58:
338 4151 429 4209 wara
449 4142 517 4196 tuus
540 4142 647 4212 gnatus
668 4139 788 4212 depem.
831 4137 988 4220 Epicu,
1012 4146 1042 4221 2,
1068 4145 1143 4206 116:
1179 4143 1255 4216 Quia
1277 4144 1357 4204 enim

201 4232 353 4294 mutam
375 4233 450 4294 alius
472 4233 557 4293 illam
579 4236 755 4298 adulescens
777 4237 896 4310 deperit.
930 4236 990 4318 ΠΙ,
1005 4242 1036 4317 4,
1052 4243 1108 4304 46:
1130 4241 1222 4302 Hanc
1236 4241 1357 4316 inquam
