3058 4766
213 289 254 346 93
638 279 793 320 44444444.
817 277 880 319 our.
895 277 935 316 111.

213 458 240 529 1,
266 452 312 528 ii:
341 454 460 528 Optime
482 472 548 516 cum
563 456 701 529 pulchris
725 456 833 516 animis
856 456 990 515 Romana
1018 452 1163 514 iuventus.
1210 444 1322 512 Annol.
1345 445 1366 511 l.

206 550 247 629 X,
270 549 307 614 ir.
332 555 365 628 5,
388 569 416 614 v.
440 555 515 616 342:
549 554 605 615 Ille
633 556 677 616 uir
702 555 775 614 hant
801 569 913 626 444944
935 567 1053 612 sumre
1081 552 1127 608 sct
1154 546 1262 620 plenus
1285 545 1364 606 fidoi.

133 725 136 732 .
207 645 482 728 Plaut.Mcrc.1‚
511 653 539 726 2,
565 654 619 714 33:
654 655 756 727 Apage
779 648 946 712 istiusmodi
969 650 1109 720 salutem,
1143 665 1209 708 cum
1232 649 1368 710 44441414

209 765 284 822 quse
308 748 437 808 advenit.
475 745 560 810 Trin.
577 745 631 826 lv,
648 753 678 827 4,
693 753 729 812 4:
752 749 849 810 Pmbo
872 753 902 808 et
924 746 1007 806 fideli
1029 751 1059 804 et
1082 743 1141 808 fido
1164 753 1194 806 et
1216 764 1284 806 com
1303 765 1365 806 ma-

207 863 268 919 944
289 845 353 917 ride.
399 842 485 909 Asin.
508 843 534 924 Ι,
559 849 586 922 2,
608 851 642 908 4;
666 850 744 908 mulo
767 865 832 906 cum
856 853 916 907 tuo.
960 841 1052 923 Epio.
1075 839 1134 919 ΠΙ,
1157 846 1188 921 4,
1212 847 1267 908 79:
1291 842 1367 906 Fla-

207 943 279 1018 pitio
301 960 367 1004 cum
386 943 498 1002 maiore
519 951 587 1019 post
608 943 716 1006 reddes
739 951 847 1005 tamen.
894 939 982 1022 Oept.
1006 939 1060 1018 IV,
1084 945 1113 1019 2,
1137 943 1194 1003 22:
1219 935 1295 1015 Quid
1317 943 1365 1002 hic

209 1043 296 1102 homo
317 1048 432 1102 tentum
455 1043 604 1116 incipissit
626 1041 726 1102 facero
749 1059 815 1101 oum
838 1043 928 1102 tontis
950 1040 1061 1100 minis?
1106 1035 1221 1102 Bacch.
1245 1037 1304 1116 ΙΙΙ,
1334 1044 1364 1114 4,

208 1141 246 1200 4;
280 1139 324 1198 Ne
347 1140 401 1198 ills
423 1141 491 1198 illut
512 1140 614 1200 hercle
638 1157 702 1200 cum
724 1141 803 1198 maio
827 1139 899 1198 fecit
921 1155 982 1198 sco.
1028 1133 1141 1214 Amph.
1167 1151 1195 1197 v,
1221 1140 1282 1198 244
1304 1153 1365 1214 sq.:

208 1237 247 1296 ob
270 1237 395 1296 dextero
416 1253 555 1296 41444444
579 1236 652 1298 Cum
674 1237 800 1300 clamore
824 1239 964 1298 involant.
995 1233 1110 1296 Pseud.
1126 1231 1152 1312 I,
1170 1237 1197 1310 3,
1215 1236 1269 1295 76:
1292 1237 1364 1294 mihi

211 1334 328 1410 quidem
351 1332 488 1408 profecto
511 1350 575 1394 4444
596 1335 662 1396 istis
684 1334 770 1394 dictis
793 1341 947 1397 mortuost.
991 1331 1086 1396 Most.
1109 1329 1151 1409 ΙΙ,
1185 1337 1209 1408 1,
1243 1335 1297 1393 77:
1333 1340 1368 1390 ut

211 1431 306 1508 fugiat
329 1449 394 1492 4444
414 1447 525 1491 strumo
547 1436 634 1494 metu.
669 1429 867 1509 111,1,129:
889 1433 1009 1491 Nullum
1035 1431 1140 1504 edepol
1163 1429 1250 1488 hodie
1274 1447 1365 1504 genus

211 1537 260 1592 eet
287 1530 413 1590 taetrius
435 1529 500 1589 Nec
528 1532 624 1592 minus
647 1533 720 1590 douo
742 1548 808 1590 com
828 1531 910 1598 iitrc,
941 1545 1026 1604 quom
1048 1528 1233 1588 danistioum.
1276 1523 1365 1588 Pers

214 1645 241 1688 v.
260 1629 338 1690 396:
363 1627 436 1688 Cum
458 1627 514 1685 hac
536 1627 599 1686 dcte
621 1631 735 1702 poteris
759 1631 805 1688 vel
828 1628 963 1688 mendico
987 1627 1107 1686 nubere.
1153 1620 1267 1686 caecil.
1284 1620 1363 1684 Stat.

218 1723 462 1803 Harpazomenc
485 1719 523 1786 fr.
546 1727 581 1785 4:
606 1726 682 1797 Quid
698 1743 814 1799 narres,
836 1727 964 1785 borbore
985 1724 1215 1784 indomitorum
1229 1723 1368 1788 mnibus,

216 1825 385 1884 inlitterste
409 1819 510 1880 inlex?
553 1818 618 1885 144.
640 1819 704 1886 fab.
727 1817 767 1884 fr.
790 1827 844 1886 21:
871 1823 1034 1883 Aduehitur
1057 1838 1122 1880 com
1143 1820 1238 1894 itipoo
1260 1836 1369 1878 cororm

215 1927 246 1982 et
268 1918 428 1993 4114444414.
475 1915 601 1981 Terent.
615 1917 746 1999 Adelph.
760 1917 815 1997 IV,
836 1926 862 1997 l,
879 1922 912 1982 3:
936 1919 1021 1993 Quod
1035 1935 1101 1978 com
1115 1917 1209 1977 solute
1225 1918 1287 1978 sius
1302 1917 1362 1976 fiat.

215 2015 313 2080 Andr.
337 2013 375 2092 V,
399 2018 429 2092 4,
453 2017 509 2078 38;
544 2017 657 2090 Dignus
680 2036 712 2078 os
737 2017 811 2079 (1444
832 2022 885 2079 toa
905 2018 1059 2092 rciipione,
1088 2015 1195 2076 odium.
1239 2010 1366 2077 Phorm.

213 2112 272 2191 ΙΙΙ,
299 2120 325 2190 1,
350 2117 383 2176 1:
417 2115 505 2172 Enim
531 2132 616 2187 uero,
646 2117 794 2191 Antipho,
825 2117 1005 2179 multimodis
1032 2133 1097 2175 cum
1118 2115 1191 2174 istoc
1213 2113 1312 2172 animo
1335 2131 1368 2173 es

214 2212 437 2286 vituperandus,
461 2227 541 2287 quae
556 2208 659 2276 Rudd.
675 2210 717 2292 11,
738 2230 769 2291 p.
794 2215 855 2276 266
878 2212 984 2276 adnot.
1009 2216 1047 2274 15
1071 2209 1220 2289 explicet:
1244 2209 1369 2288 44114-

215 2306 279 2372 1441
302 2305 498 2386 religionem,
521 2305 617 2378 talem
640 2309 778 2373 animum
801 2310 908 2375 hebes.

301 2403 329 2468 d.
367 2405 440 2466 044
464 2403 611 2482 exprimit
636 2407 901 2474 consociationem
923 2411 956 2472 et
978 2405 1229 2471 communionem
1261 2403 1367 2484 talem,

217 2519 298 2581 quse
331 2519 394 2564 non
415 2498 549 2564 multum
572 2501 655 2566 absit
677 2503 717 2568 ab
741 2505 961 2584 instrumento,
986 2522 1048 2585 quo
1071 2502 1212 2568 adhibito
1236 2521 1288 2568 res
1311 2503 1370 2566 ali-

217 2617 281 2678 qua
303 2595 369 2664 fiat.
417 2598 497 2664 Cato
518 2597 556 2664 R.
580 2599 616 2664 R.
642 2618 667 2664 4.
692 2607 749 2666 77:
784 2623 849 2666 cunr
870 2606 954 2666 mette
976 2607 1109 2666 oblinito·
1154 2599 1187 2666 0.
1213 2606 1265 2665 10:
1299 2603 1370 2676 iuga

210 2716 281 2766 soom
304 2698 375 2758 toris
398 2703 505 2758 ornato
526 2701 579 2760 lll.
623 2697 716 2762 Ennii
739 2698 960 2765 adralisti
983 2701 1124 2764 incertae
1147 2699 1240 2778 sedis,
1263 2717 1291 2760 v.
1306 2702 1367 2760 530

216 2801 278 2873 (sp.
303 2793 390 2858 Serv.
418 2794 458 2858 ad
486 2793 573 2876 Virg.
603 2795 720 2878 Georg.
744 2797 785 2876 H,
813 2817 842 2862 v.
869 2801 958 2876 titt:
996 2801 1109 2862 Effudit
1136 2816 1223 2862 voces
1242 2796 1367 2871 proptio

214 2898 416 2965 4444441444
439 2905 550 2956 sancto.
595 2893 641 2958 Ib.
665 2893 684 2958 l.
708 2895 762 2974 Vl,
784 2895 822 2960 fr.
847 2901 875 2977 2,
899 2915 926 2962 v.
952 2903 1027 2962 179:

323 2991 396 3050 Tum
418 3007 484 3050 cnm
505 2993 591 3052 corde
612 3010 665 3054 suo
688 2995 784 3054 divum
807 3004 894 3070 pstor
917 3004 1004 3072 stqoe
1028 2998 1177 3058 hominum
1201 3011 1255 3054 rex

323 3089 448 3148 Effstur.

216 3183 320 3248 Plaut.
334 3183 427 3247 Most.
439 3184 499 3264 111,
512 3191 539 3264 2,
555 3191 609 3250 13:
635 3189 726 3261 Quum
750 3191 843 3264 magis
866 3193 964 3266 cogito
986 3208 1051 3254 cum
1072 3207 1134 3250 mco
1156 3189 1263 3248 ultimo.
1295 3182 1367 3248 Aul.

216 3280 271 3359 IV,
295 3286 323 3357 9,
348 3287 383 3344 3:
421 3286 555 3358 equidem
579 3295 814 3361 quommodo
838 3289 887 3350 ubi
910 3290 973 3362 sim,
997 3299 1048 3350 out
1070 3290 1120 3364 qui
1145 3291 1215 3360 sim,
1242 3287 1364 3359 Nequeo

214 3398 283 3440 4444
305 3381 404 3438 anino
427 3392 541 3442 certum
564 3385 751 3460 investigere.
797 3381 878 3448 Men.
901 3382 956 3465 IV,
983 3391 1009 3461 1,
1035 3389 1086 3450 10:
1119 3387 1187 3463 quid
1210 3400 1264 3459 ego
1288 3398 1364 3439 nunc

218 3493 284 3538 com
305 3478 372 3536 illoc
394 3480 499 3552 44441
544 3478 669 3544 Terent.
695 3480 827 3561 Adelplt
844 3481 901 3562 111,
925 3489 954 3561 4,
977 3489 1031 3549 55:
1054 3487 1110 3547 hoc
1133 3494 1165 3544 tu
1187 3482 1278 3542 tacito
1301 3494 1366 3538 cum

217 3575 315 3634 ocimo
338 3576 459 3648 cogites.

301 3688 328 3734 e.
364 3671 437 3732 dom
464 3670 591 3739 additur
619 3673 715 3739 etism
743 3676 895 3756 temporis
922 3678 1102 3745 notionibus
1134 3679 1181 3742 its
1213 3679 1367 3740 414444-

217 3772 288 3832 4444
318 3768 515 3847 exprimatur
544 3769 577 3834 id
604 3770 707 3850 ipsum
739 3779 863 3853 tempus
886 3775 1028 3856 adeoque
1055 3772 1208 3856 temporis
1229 3787 1368 3840 momen·

220 3872 296 3944 tum,
320 3883 381 3944 quo
405 3865 564 3932 incidente
587 3869 670 3932 actio
692 3869 798 3951 aliqua
819 3870 882 3936 fist.
919 3872 1022 3939 Pleut.
1040 3873 1152 3955 Amph.
1170 3870 1212 3950 ΙΙ,
1236 3875 1265 3946 2,
1291 3873 1367 3932 112:

216 3983 312 4039 egone
341 3984 394 4040 sps
421 3975 450 4026 te
480 3968 539 4028 abii
564 3969 634 4028 11144
664 3971 752 4030 hodic
781 3989 847 4032 cum
873 3972 1023 4034 diliculo?
1066 3971 1163 4036 Mero.
1187 3968 1229 4046 11,
1261 3971 1288 4046 1,
1312 3969 1366 4028 31;

216 4064 265 4124 Ad
286 4073 404 4138 portum
426 4065 494 4125 hinc
517 4067 578 4126 obii
604 4085 688 4128 mane
711 4084 776 4128 cum
798 4071 857 4130 tuci
880 4071 1028 4146 semul.¹¹]
1073 4068 1169 4136 Stich.
1190 4065 1234 4146 Π,
1258 4068 1286 4141 2,
1309 4066 1366 4126 40:

217 4202 421 4212 *un—m.-.

290 4273 330 4339 ¹¹)
350 4291 373 4327 v.
394 4273 508 4328 Ritschl.
527 4271 612 4344 praef.
632 4274 659 4328 in
679 4275 750 4330 Trin.
769 4295 796 4346 p·
816 4279 857 4334 97.
