3040 4758
212 241 253 298 42
642 229 796 272 SUBSTANT.
818 231 879 270 CAP.
896 230 938 272 111.

214 407 244 483 2,
268 407 324 468 24:
346 421 504 481 uumqusm
525 422 578 480 ops
601 410 758 482 teporem.
804 403 902 469 Merc.
917 400 972 480 IV,
995 406 1025 479 4,
1048 405 1104 466 41:
1128 403 1210 464 Heec
1233 417 1305 462 vase
1331 431 1367 443 —

213 503 322 564 iubebo
345 502 398 564 aba
420 506 446 562 te
467 503 538 575 peti.
557 525 567 544 ·
583 500 699 566 Pseud.
721 499 778 579 111,
803 506 831 580 2,
857 503 933 565 107:
968 518 988 559 o
1008 518 1054 560 me
1076 517 1167 574 opere
1197 500 1286 576 petiit
1308 515 1369 559 ma·

213 617 310 662 xumo.
334 593 450 662 Bacch.
466 595 521 675 IV,
546 601 576 676 6,
600 605 635 664 7;
657 609 690 664 ut
712 618 815 662 aurum
838 606 973 674 repetam
996 600 1033 658 oh
1057 597 1208 658 Theotimo
1231 594 1370 656 domum?

214 693 330 760 Pseud
354 691 380 773 Ι,
407 699 435 774 1,
459 700 516 762 41;
540 702 666 761 salutem
689 714 742 772 ops
764 702 791 757 te
814 697 937 772 expetit.
983 693 1050 758 Mil.
1072 692 1131 771 ΙΙΙ,
1158 697 1184 770 l,
1208 697 1263 758 25:
1291 693 1322 753 A
1345 697 1373 754 te

216 801 369 870 expetere.
412 789 510 858 Stich.
525 809 555 858 t.
574 798 627 858 17:
651 796 772 870 Nosque
795 796 832 854 ob
855 795 896 878 etr
917 794 981 854 volt
1002 794 1160 854 ebducere.
1205 788 1300 854 Most.
1312 787 1372 865 III,

219 895 249 970 2,
275 893 350 955 167:
373 909 427 967 ege
451 908 554 954 cauom
576 893 664 954 istem
686 910 707 951 c
727 892 843 965 foribus
865 892 973 966 aliquis
995 891 1123 952 abducat
1145 889 1221 950 face.
1257 885 1374 950 Pseud·

216 987 260 1068 11,
280 994 310 1066 4,
332 991 388 1052 64;
411 989 569 1051 Mulierem
592 992 630 1048 uh
653 991 753 1052 onore
775 988 913 1049 abducat.
946 985 1062 1052 Pseud.
1078 1004 1107 1050 v,
1124 989 1201 1050 902:
1225 987 1297 1046 Sese
1321 986 1374 1044 ab·

217 1087 374 1148 ducturum
397 1103 417 1146 a
437 1105 483 1146 me
506 1088 582 1152 dolis
603 1088 805 1150 Phoenicium.
835 1082 881 1149 IV
882 1133 889 1164 ,
914 1089 942 1162 5,
966 1088 1002 1148 4:
1024 1085 1182 1146 Abducere
1203 1100 1223 1141 a
1243 1100 1289 1142 me
1311 1095 1375 1142 mu-

218 1187 324 1246 lierem
351 1182 489 1249 fallaciis.
536 1181 590 1262 IV,
615 1189 644 1262 7,
668 1187 724 1250 56:
757 1187 856 1260 Atque
879 1189 913 1243 ut
941 1200 961 1241 u
982 1200 1027 1242 me
1048 1185 1204 1243 mulierem
1226 1187 1259 1240 tu
1282 1179 1375 1240 abdu-

219 1281 326 1343 ceres?
368 1277 424 1359 IV,
450 1284 478 1360 7,
503 1286 560 1345 97:
594 1284 707 1346 Docuit
729 1288 776 1357 te,
808 1289 841 1342 ut
866 1278 995 1342 fallaciis
1017 1281 1087 1340 binc
1108 1281 1262 1340 mulierem
1291 1292 1378 1338 ame

220 1379 394 1440 abduceres.
439 1374 527 1444 Pers.
555 1378 585 1456 Ι,
614 1382 648 1448 3,
677 1383 733 1446 et:
774 1381 799 1440 si
830 1397 890 1440 non
921 1379 1070 1453 extemplo
1098 1379 1135 1438 uh
1158 1393 1190 1437 eo
1213 1377 1376 1438 abduxere.

219 1472 336 1539 Bacch.
360 1472 414 1553 IV,
438 1480 467 1554 9,
495 1480 570 1540 108:
604 1479 718 1540 abduce
741 1494 788 1538 me
812 1478 880 1537 hino
907 1478 945 1536 ab
967 1477 1032 1536 boo.
1076 1473 1172 1538 Merc.
1195 1469 1242 1551 ΙΙ,
1269 1477 1296 1551 l,
1323 1476 1376 1536 19:

219 1577 302 1635 illam
324 1592 484 1650 properem
507 1577 544 1636 ab
565 1593 627 1637 sese
648 1577 807 1636 ebducere.
853 1571 896 1650 ΙΙ,
922 1576 949 1651 l,
973 1576 1028 1637 25:
1056 1589 1122 1634 sese
1146 1574 1183 1632 ab
1208 1572 1298 1632 sitnm
1320 1571 1377 1632 Os·

221 1690 305 1749 pram
328 1672 495 1733 abduxisse.
542 1669 657 1736 Bacch.
680 1689 710 1735 v.
734 1677 810 1738 593:
844 1675 902 1733 duc
929 1679 958 1732 te
987 1673 1025 1731 ob
1054 1670 1184 1730 oedibus.
1229 1666 1328 1732 etich.
1350 1665 1378 1745 I,

223 1772 252 1846 2,
276 1771 331 1832 91:
354 1768 386 1828 Si
408 1770 445 1828 ab
467 1770 533 1830 otro
556 1771 611 1831 tibi
633 1769 711 1830 forts
735 1772 834 1832 veniet
856 1771 986 1832 nuntius.
1018 1766 1102 1832 Men.
1117 1765 1155 1843 V,
1178 1770 1207 1844 3,
1227 1769 1262 1830 8:
1286 1766 1378 1828 Odio-

224 1885 273 1928 sus
295 1865 415 1926 taudem
438 1868 486 1928 vix
508 1869 546 1927 ab
568 1868 696 1941 copretis
716 1869 808 1928 venit.
853 1863 951 1930 Stich.
974 1882 1003 1930 t.
1026 1868 1103 1928 456:
1127 1867 1225 1926 iamne
1250 1882 1270 1923 o
1285 1866 1382 1938 portu

227 1965 391 2024 advenerit.
436 1960 533 2028 Mero.
556 1961 611 2042 IV,
641 1969 668 2040 1,
694 1969 725 2027 1:
758 1966 903 2038 Quoniam
926 1981 946 2022 a
966 1964 1031 2024 otro
1053 1964 1092 2024 ad
1114 1980 1160 2022 me
1183 1982 1234 2023 rus
1258 1962 1379 2022 advenit

224 2062 353 2121 nuntius.
387 2058 503 2124 Pseud.
519 2059 544 2137 Ι,
568 2065 597 2139 2,
620 2065 679 2126 44;
703 2065 807 2124 Facite
830 2065 870 2122 mi
893 2062 979 2123 hodie
1003 2069 1035 2121 ut
1057 2079 1181 2121 munera
1203 2062 1297 2120 multa
1319 2060 1379 2118 huc

224 2159 262 2218 ub
282 2159 463 2219 aenatoribus
483 2161 669 2222 conveniant.
715 2156 813 2223 Stich.
836 2157 862 2236 Ι,
888 2162 916 2236 3,
943 2159 1016 2221 100:
1051 2161 1143 2218 Immo
1171 2165 1203 2217 tu
1223 2165 1256 2218 ut
1279 2173 1332 2230 ops
1354 2160 1381 2216 te

224 2263 354 2317 mutuom
376 2256 460 2317 nobis
484 2257 558 2318 duis.
603 2254 719 2320 Pseud.
742 2255 784 2333 ΙΙ,
808 2262 838 2334 4,
862 2259 917 2320 45;
941 2258 1064 2318 Possum
1088 2272 1108 2315 a
1128 2272 1173 2314 roe
1195 2257 1277 2330 dere,
1298 2251 1327 2316 h.
1353 2269 1380 2316 e.

224 2349 263 2415 de
285 2368 372 2430 meo,
401 2352 457 2416 int.
481 2350 692 2433 chlamydem,
716 2352 930 2428 machaeram,
960 2355 1116 2431 petasum.
1161 2350 1244 2416 Men.
1267 2348 1327 2428 ΙΙΙ,
1352 2354 1383 2427 3,

225 2452 279 2511 21:
313 2452 362 2512 Da
384 2452 472 2512 sodes
494 2467 548 2526 ops
571 2457 607 2512 te.
651 2468 681 2516 v.
705 2455 761 2515 22:
795 2455 887 2513 Immo
910 2453 984 2513 cedo
1011 2467 1065 2525 ops
1088 2450 1142 2510 ted.
1188 2447 1274 2512 Trin.
1297 2447 1322 2526 Ι,
1352 2451 1382 2526 2,

227 2549 302 2611 145:
325 2567 345 2608 u
366 2564 412 2606 me
434 2556 590 2623 argentum
613 2549 692 2611 dedi.
727 2547 799 2612 Aul.
815 2547 875 2627 111,
899 2552 927 2627 6,
951 2552 1004 2614 35:
1028 2550 1144 2610 iussero
1160 2547 1270 2608 dadum
1293 2564 1383 2606 unum

224 2645 285 2705 vini
306 2646 417 2706 veteris
439 2662 459 2704 u
478 2663 524 2707 me
545 2647 690 2723 afferrier,
713 2644 744 2710 h.
769 2663 796 2710 e.
819 2664 837 2710 e
864 2645 956 2710 domo
983 2662 1064 2710 urea.
1109 2642 1207 2708 Stich.
1233 2643 1270 2721 V,
1296 2649 1322 2718 1,
1348 2647 1383 2707 i:

224 2741 337 2802 (iudum
361 2744 447 2805 modo
471 2745 541 2804 hinc
564 2762 584 2802 u
604 2763 650 2805 me
671 2747 730 2806 huc
752 2764 819 2806 cum
841 2747 909 2806 vino
932 2745 1123 2806 transieram.
1168 2739 1258 2820 capt.
1282 2740 1325 2818 ΙΙ,
1350 2745 1379 2820 3,

224 2840 280 2900 89:
310 2840 450 2900 viaticum
473 2848 506 2900 ut
528 2843 593 2904 dem
617 2859 637 2902 o
658 2845 816 2916 tropeseito
839 2843 909 2916 tibi,
932 2839 963 2904 h.
987 2857 1013 2903 e.
1036 2856 1075 2903 ex
1097 2837 1273 2918 trapezitae
1296 2856 1381 2904 arca.

225 2931 316 2999 Curc.
340 2934 378 3014 V,
402 2940 432 3016 2,
455 2940 511 3002 2οε
545 2958 609 3000 rem
639 2942 714 3002 solvi
742 2958 763 3000 o
785 2940 943 3013 hopmmto
968 2955 1040 3000 meo.
1083 2933 1197 3001 Pseud.
1222 2936 1247 3014 Ι,
1272 2941 1300 3010 2,
1323 2939 1381 3001 69:

223 3034 283 3094 Ubi
306 3041 390 3110 sunt,
414 3037 465 3096 ubi
486 3038 584 3098 latent
605 3038 710 3114 quibus
734 3046 817 3098 aetas
839 3039 995 3115 integrust,
1019 3038 1070 3112 qui
1092 3042 1193 3096 amant
1216 3051 1236 3094 o
1258 3036 1381 3096 leucae?

226 3128 270 3206 (h.
294 3148 320 3194 e.
344 3131 485 3210 puellam
508 3150 526 3197 e
549 3133 643 3196 domo
666 3131 813 3208 lenonis).
858 3132 954 3198 Poen.
971 3132 1008 3211 V,
1032 3136 1061 3211 2,
1088 3135 1164 3196 132:
1188 3135 1279 3194 Amat
1301 3151 1322 3192 o
1344 3133 1382 3194 le-

222 3245 297 3288 none
319 3231 376 3290 hio.
404 3229 519 3294 Pseud.
534 3228 590 3308 IV,
615 3234 642 3308 1,
668 3234 720 3293 17:
743 3233 822 3306 quist
845 3249 864 3290 o
885 3230 987 3296 cnihte.
1015 3229 1081 3295 Mil.
1095 3228 1137 3306 ΙΙ,
1162 3232 1191 3307 2,
1215 3234 1248 3294 5:
1274 3231 1383 3304 Quem-

223 3343 280 3400 que
303 3345 323 3386 o
344 3327 436 3388 utilite
458 3331 513 3390 hoc
536 3329 671 3390 videritis
694 3330 841 3390 hominem
863 3333 894 3390 in
917 3333 1027 3392 nostris
1050 3328 1168 3404 tegulis.
1216 3324 1254 3390 In
1277 3343 1384 3388 exem-

222 3419 285 3500 plis
308 3422 451 3500 proxime
474 3423 580 3488 allatis
603 3427 656 3500 ab,
690 3429 728 3489 ut
749 3425 960 3508 Kampmenni
982 3430 1056 3490 utar
1079 3423 1184 3488 verbis
1206 3422 1246 3487 de
1268 3440 1380 3504 praep.

223 3522 275 3580 ΑΒ
298 3536 328 3598 p.
355 3523 409 3598 15,
443 3521 649 3601 coniungitur
676 3540 748 3587 cum
770 3523 951 3588 notionibus
973 3521 1184 3603 possessionis
1216 3526 1251 3585 et
1274 3538 1381 3599 opum,

223 3616 308 3681 unde
330 3615 407 3696 quid
429 3617 628 3696 depromitur
650 3620 791 3684 antium
814 3620 1037 3702 depromptum
1060 3624 1119 3684 est.
1157 3617 1254 3684 Stich.
1278 3617 1326 3696 11,
1354 3624 1383 3693 1,

223 3719 279 3779 23:
315 3715 442 3776 Tantum
466 3722 594 3790 oporto
616 3719 742 3793 adporto
765 3720 851 3794 boni,
885 3727 946 3781 tam
968 3721 1107 3796 gaudium
1129 3719 1242 3796 grande
1265 3716 1381 3778 adiero.

223 3809 322 3876 Mero.
345 3811 371 3890 Ι,
396 3817 425 3891 2,
448 3818 507 3877 49;
538 3815 604 3875 Tibi
626 3818 764 3891 equidem
787 3823 915 3892 oporto
937 3820 1061 3893 adporto
1090 3818 1157 3878 hoc.
1200 3813 1316 3878 Bacch.
1338 3812 1383 3894 11,

224 3915 253 3989 3,
278 3914 332 3976 92:
355 3913 397 3973 Ut
418 3913 487 3972 illut
509 3921 647 3988 reportes
671 3930 774 3975 aurum
797 3917 835 3976 ab
859 3917 1010 3976 Theotimo
1037 3914 1164 3976 domum.
1209 3910 1307 3976 Stich.
1334 3909 1378 3991 II,

223 4011 252 4086 2,
278 4014 333 4072 14:
359 4011 407 4070 Ita
429 4011 522 4069 celeri
545 4013 694 4071 curriculo
717 4011 760 4072 fui
776 4015 907 4089 Propere
930 4032 950 4073 o
967 4015 1067 4086 porta
1102 4009 1194 4100 Epid.
1210 4007 1248 4087 V,
1272 4013 1302 4090 2,
1327 4013 1384 4073 16;

222 4126 292 4168 num
314 4110 352 4168 ob
373 4108 458 4168 domo
480 4107 606 4168 absum?
642 4105 756 4171 Bacch.
773 4106 811 4186 V,
835 4113 864 4188 2,
889 4113 944 4174 2οτ
968 4127 1054 4186 quom
1076 4129 1097 4170 o
1113 4126 1192 4184 pecu
1213 4113 1305 4170 comeo
1328 4126 1383 4186 ap·

222 4212 300 4264 sunt.
344 4203 442 4270 Mera.
466 4203 503 4282 V,
525 4209 554 4284 2,
579 4209 635 4270 53:
669 4208 736 4267 Non
766 4210 853 4282 longe
877 4209 947 4268 hinc
969 4209 1055 4268 abest
1080 4225 1099 4264 a
1126 4209 1219 4268 uobis.
1263 4204 1382 4270 Bacch.
