3004 4764
496 280 537 320 111.
564 279 724 322 ΡΒΟΙΙΟΠΕῙΙ
738 278 913 322 RBIMIVUH.
1224 285 1286 348 385

134 446 255 531 gressis
283 448 326 514 sit
353 451 622 534 coniungentium,
658 453 718 520 hac
750 453 922 520 sententia:
958 456 1037 529 ouon
1056 455 1097 518 od
1121 455 1155 514 tot
1176 455 1288 520 aanor.

136 546 241 614 Plaut.
265 545 355 629 Oapt.
378 548 437 628 ΙΙΙ,
460 555 488 630 o,
512 555 571 616 96:
593 554 678 630 Quod
698 570 808 628 apsque
828 554 885 616 hou
907 560 996 616 esset.
1041 551 1166 616 Terent.
1189 550 1289 616 Andr.

134 644 162 724 Ι,
186 650 215 724 b,
244 649 298 710 23:
332 649 417 725 Quod
444 651 472 710 sa·
498 667 552 726 ego
582 653 769 714 rescivissem
796 653 827 714 id
855 654 947 728 prius.
990 647 1118 714 Phorm.
1140 648 1167 729 Ι,
1196 653 1226 728 3,
1255 653 1287 716 3:

137 744 283 823 Quodne·
310 744 431 809 fuissem
461 749 639 824 incogitaus‚
670 750 714 810 ita
741 748 834 826 [eum]
856 755 1059 827 expectarem,
1089 756 1122 810 ιιι
1143 765 1199 824 par
1220 747 1286 810 luit.

140 859 168 905 v.
193 845 228 906 δι
251 844 336 920 Quod
353 845 468 906 utimum
487 863 524 907 ue
540 847 711 908 Phormioni
728 849 760 908 id
780 847 904 910 suadere
924 849 956 908 in
974 852 1102 908 mentem
1123 847 1286 908 incidisset

138 939 286 1020 Denique
314 957 489 1020 pronomen
514 940 684 1008 relativum
714 961 815 1024 genus
848 961 940 1008 suum
974 957 1197 1022 nonuunquam
1225 959 1290 1008 nou

138 1037 281 1104 subiecto
304 1038 467 1119 orationis,
489 1038 546 1104 sed
566 1041 750 1121 praedicato
771 1041 996 1118 accommodat,
1019 1043 1057 1104 ut
1072 1038 1166 1106 Ennii
1184 1039 1288 1105 annal

139 1131 159 1198 Ι.
181 1131 270 1214 1‚ir.
294 1139 349 1200 21:
372 1140 430 1200 Est
448 1140 532 1200 loous
554 1142 732 1216 Hesperiam
754 1157 845 1214 quam
866 1141 1007 1202 mortales
1029 1141 1235 1216 perhibebant.

225 1251 251 1298 o.
295 1235 446 1298 Numeros
457 1253 542 1310 prou.
558 1238 687 1298 relativi·
730 1235 946 1300 Memorabilis
967 1240 1016 1300 est
1031 1234 1201 1316 singularis
1216 1239 1290 1314 post

139 1329 340 1396 collectivum
364 1349 461 1396 omues
475 1331 580 1396 Plaut.
597 1332 685 1414 ant.
701 1333 727 1413 l,
751 1339 779 1412 2,
804 1338 843 1398 53
860 1350 920 1412 sq.:
943 1334 1072 1412 fugitant
1093 1352 1190 1396 omnes
1211 1336 1289 1396 hano

139 1431 331 1506 provinciam,
360 1432 436 1507 Quoi
455 1435 613 1508 optigerat,
637 1439 706 1508 post
720 1434 939 1508 Philopolemus
962 1449 1049 1508 quam
1064 1438 1190 1506 raptast
1211 1440 1288 1507 tuus,

138 1525 227 1605 quod
247 1529 335 1592 reete
359 1527 496 1608 explicat
517 1528 705 1594 Lambinus:
737 1545 874 1608 „omues
900 1527 1034 1608 quisque
1057 1545 1114 1592 suo
1136 1527 1215 1608 loco,
1239 1529 1290 1594 oui

39 1709 43 1718 1
140 1623 305 1706 provincia
328 1623 527 1706 obtigisset.“
571 1627 785 1707 Frequentior
813 1631 863 1690 est
884 1643 964 1690 usus
980 1628 1112 1701 pluralis
1133 1626 1228 1690 relati
1248 1625 1290 1691 ad

141 1739 368 1804 praegressum
391 1722 599 1804 singularem,
634 1724 660 1788 si
688 1730 745 1788 aut
771 1715 850 1784 κατὰ
870 1716 984 1786 σύνεσιν
1010 1721 1119 1803 plures
1145 1723 1290 1788 eiusdem

138 1822 269 1903 generis
303 1839 356 1886 res
386 1822 567 1901 cogitantur
594 1825 800 1902 autpertus,
833 1838 871 1885 ex
904 1820 1020 1900 quihus
1047 1820 1140 1899 quasi
1166 1825 1291 1886 constat

139 1917 250 1999 aliqua
271 1936 333 1994 res,
357 1918 590 1984 describuntur.
635 1918 714 1983 Cato
735 1918 773 1982 R.
797 1918 834 1981 R.
858 1935 884 1982 c.
909 1923 965 1982 20:
986 1919 1078 1984 facito
1101 1921 1224 1988 adeam,
1245 1922 1290 1981 bi·

142 2017 250 2079 fariam
275 2020 419 2094 habeant,
443 2037 517 2093 quos
538 2019 611 2094 figas
635 2020 727 2080 clauis
751 2019 934 2096 duplioibue,
957 2035 994 2079 ue
1018 2015 1289 2095 asumuntur.

142 2113 370 2180 Schneiderus:
408 2115 607 2195 „Pronomen
628 2135 703 2190 quos
724 2117 832 2195 potest
852 2113 894 2179 ad
917 2127 1044 2180 sensum
1066 2112 1195 2190 reterri,
1230 2113 1291 2178 etsi

144 2231 277 2279 numero
302 2213 508 2293 praecedenti
531 2231 593 2278 uon
616 2211 792 2278 couvenit.“
835 2210 938 2276 Pluut
961 2210 1074 2291 Amph.
1096 2211 1155 2292 ill,
1180 2216 1208 2289 3,
1233 2216 1288 2276 ll:

140 2312 207 2386 Ego
229 2331 292 2372 rem
316 2314 443 2375 diuinam
466 2315 545 2374 intus
568 2314 690 2388 faeiem,
719 2319 984 2387 remansesunt,
1007 2309 1098 2389 adq.
1121 2308 1141 2372 l.
1165 2309 1289 2376 Lumb.:

143 2404 271 2484 „Mutat
292 2426 475 2487 numerum,
506 2426 595 2472 more
618 2409 726 2488 solito,
752 2425 827 2490 pro:
863 2425 946 2486 rem,
976 2424 1058 2486 quae
1081 2411 1156 2472 vota
1177 2410 1235 2471 est.
1258 2407 1291 2472 id

143 2507 203 2582 est,
224 2500 340 2568 faciam
361 2523 430 2569 rem
453 2505 589 2570 divinam
613 2511 646 2570 ιι
668 2523 750 2587 quae
773 2505 842 2583 diis,
865 2505 892 2572 ai
908 2504 1015 2570 sulvus
1029 2504 1177 2584 redirem,
1199 2525 1219 2570 a
1241 2523 1292 2572 ure

144 2603 219 2664 vota
241 2605 324 2681 suut,
347 2617 385 2665 ea
406 2602 616 2682 persolvam.⁴‘
661 2604 745 2669 Trin.
769 2604 823 2684 IV,
846 2611 877 2685 2,
900 2609 953 2669 93:
988 2606 1045 2679 Qui
1074 2611 1192 2679 egomet
1213 2607 1290 2666 uude

142 2699 266 2760 redeam
287 2701 365 2760 huno
380 2705 516 2778 rogitem,
540 2721 615 2777 quoe
637 2721 692 2780 ego
715 2707 806 2765 seiam
829 2709 917 2779 atque
940 2705 989 2764 hie
1012 2704 1135 2776 nesciat,
1158 2701 1198 2766 ad
1220 2719 1250 2782 q.
1271 2701 1291 2767 l.

140 2793 301 2860 Liuiam:
335 2797 598 2877 „Exspectasses
623 2803 701 2876 qood
722 2819 773 2877 epo
794 2803 899 2870 sotum,
923 2815 1019 2879 quum
1048 2815 1145 2863 unum
1167 2801 1293 2865 tautum

143 2890 196 2973 sit,
218 2893 303 2972 quod
325 2893 454 2975 rogitet,
476 2913 589 2977 nempe
611 2899 694 2964 unde
715 2897 857 2963 redeat“

228 2995 278 3056 24.
301 2991 332 3056 d.
356 2995 511 3056 Gothootio
526 3000 712 3072 pronominis
734 2999 859 3059 relativi.
882 2993 1061 3058 Relativum
1084 2994 1112 3058 si
1130 2995 1294 3076 coniungit

144 3087 230 3152 iuter
252 3107 286 3153 se
309 3089 389 3154 duas
412 3093 649 3160 enuntiationes
670 3095 711 3159 ab
726 3093 815 3158 initio
830 3091 964 3156 alterius
978 3090 1052 3172 poni
1067 3109 1125 3171 per
1141 3109 1176 3156 se
1192 3097 1292 3173 patet,

141 3183 187 3250 sio
213 3185 322 3252 Plaut.
351 3187 433 3254 Rud.
456 3189 519 3266 ΙΙΙ,
549 3197 583 3272 4,
608 3198 663 3257 54:
708 3209 782 3267 quus
804 3193 830 3252 si
852 3192 1005 3266 attigeris,
1043 3194 1144 3252 oeulos
1167 3194 1292 3267 eripiam

141 3287 205 3350 tibi.
248 3285 330 3350 Rud.
355 3283 403 3366 ΙΙ,
432 3292 466 3364 4,
500 3293 555 3353 18:
597 3294 638 3352 At
668 3309 723 3366 ego
750 3291 892 3351 basilicus
915 3307 993 3350 sum:
1022 3295 1111 3361 quem*
1132 3291 1190 3350 nisi
1212 3306 1290 3364 oras,

141 3389 255 3458 guttam
287 3402 346 3445 non
375 3384 464 3448 feres.
510 3385 613 3466 Saepe
639 3385 807 3450 relativum
830 3390 904 3448 ante
925 3383 1085 3448 notionem
1108 3384 1293 3474 collocatur,

141 3480 293 3561 adquam
315 3481 466 3562 pertinet,
490 3500 552 3563 quo
575 3484 675 3565 magis
698 3484 821 3547 animus
843 3481 1025 3546 intendatur
1039 3481 1080 3548 ad
1096 3481 1175 3548 huuc
1190 3482 1294 3548 notio·

142 3595 213 3640 nem
243 3596 367 3659 quoque
394 3581 496 3661 magis
523 3581 614 3661 quasi
641 3582 673 3645 in
695 3590 866 3661 ouuspeotu
888 3585 1035 3661 ponatur.
1080 3579 1132 3644 Sic
1154 3579 1234 3644 Cato
1255 3579 1294 3646 R.

146 3672 182 3736 R.
206 3693 232 3738 e.
257 3682 311 3742 33:
356 3680 397 3740 Et
419 3697 494 3753 quoe
515 3684 574 3741 iam
595 3684 626 3740 in
646 3683 791 3756 perticam
816 3682 888 3755 ibit,
911 3681 974 3740 ιὲιιι
995 3681 1149 3755 pampinos
1171 3686 1292 3740 teneros

143 3774 266 3847 alligato
297 3779 372 3840 oett.
420 3774 454 3840 G.
485 3779 521 3840 6:
564 3781 661 3856 Quum
688 3797 788 3839 earum
815 3781 846 3838 in
868 3780 913 3838 his
936 3781 1010 3839 loeis
1033 3779 1172 3854 optimam
1194 3779 1295 3838 dicem

144 3885 226 3948 esse,
255 3890 320 3936 eam
340 3877 465 3936 maxime
489 3879 591 3939 serito.
636 3873 739 3939 Plaut.
785 3874 865 3938 Rud.
889 3874 948 3954 lV,
983 3880 1020 3955 3,
1058 3877 1111 3938 23:
1156 3876 1294 3936 Vidulum

146 3968 237 4028 istum
259 3973 364 4043 molus
389 3981 435 4034 est
457 3977 526 4035 novi
547 3991 603 4052 ego
624 3977 779 4037 hominem.
814 3973 895 4037 Rud.
917 3971 996 4052 prol.
1019 3991 1048 4036 v.
1074 3976 1213 4036 13—15:
1237 3973 1297 4050 Qui

142 4062 234 4126 falsas
263 4071 324 4130 litis
358 4069 442 4132 falsis
469 4073 649 4134 testimoniis
683 4075 792 4134 Petunt
815 4076 922 4149 quique
945 4074 975 4131 in
997 4073 1061 4131 iure
1085 4071 1221 4133 abiurant
1241 4088 1294 4146 pe·

143 4164 268 4239 cuniam,
292 4169 407 4228 Eorum
428 4168 584 4230 referimus
607 4173 725 4232 nomina
748 4175 883 4248 ascripta
905 4171 943 4231 ad
964 4171 1071 4231 lovem.
1116 4167 1228 4248 Amph.
1251 4166 1294 4243 ΙΙ,

143 4262 172 4338 2,
197 4265 251 4324 55:
285 4265 364 4325 Haut
387 4283 511 4342 aequom
533 4269 615 4343 fauit,
642 4271 698 4344 Qui
720 4271 797 4342 qood
818 4271 923 4332 didioit
943 4268 976 4328 id
997 4269 1130 4332 dediscit.
1166 4267 1294 4331 Terent.

193 4361 279 4412 roceas,
297 4363 399 4414 Syrium
414 4364 432 4402 1.
1047 4375 1086 4433 25
