3040 4758
462 247 550 288 OASUS
564 245 833 290 soesoesowosml.
847 269 873 280 -
884 249 988 292 ABLAT.
1262 261 1302 322 55

146 425 225 486 hone
249 425 370 499 eulpam
394 422 560 482 demolibor
582 424 650 484 mm.
695 418 787 486 Truo.
803 419 844 501 11,
870 428 897 503 1,
912 428 948 490 4:
970 426 1047 486 Item
1062 431 1095 486 nt
1109 425 1144 486 de
1159 425 1307 498 fromondo

150 537 276 582 anseres
300 521 431 580 elamore
456 521 622 593 absterret,
657 520 760 595 abigit.
805 517 920 586 Bacch.
943 517 1002 599 111,
1026 523 1055 601 3,
1079 525 1135 585 27:
1173 525 1246 584 Inde
1273 524 1309 585 de

147 616 342 692 hippodromo
363 623 395 678 et
413 617 568 690 palaestro
590 615 641 676 nbi
662 617 830 680 revenisses
851 618 976 682 domum.
1022 615 1119 684 Stich.
1135 616 1175 696 11,
1201 624 1228 698 1,
1258 622 1307 684 13:

149 715 215 790 Ego
233 714 303 774 hine
323 729 451 774 araneas
472 715 508 774 de
530 713 646 784 soritae
669 713 795 776 deieiam
817 721 849 775 et
871 715 1047 788 deperiere.
1079 713 1173 780 Most.
1188 734 1217 778 v.
1233 719 1307 780 140:

147 811 360 873 sersaondiam
387 811 428 870 mi
450 816 482 870 et
503 810 623 871 viantis
653 810 771 870 modum
793 812 974 874 Deturbavit
1001 812 1173 889 detexitque
1201 814 1236 874 cle
1263 829 1309 874 me

148 912 229 972 ilieo.
275 905 372 970 Most.
395 904 435 985 V,
460 909 487 982 1,
511 909 566 968 55:
590 906 663 965 Tum
680 908 805 967 consilia
819 907 952 968 firmiore
967 915 1037 969 sunt
1051 908 1087 967 de
1101 909 1212 970 divinis
1227 911 1306 971 loeis.

149 1003 239 1070 Pers.
263 1021 292 1070 v,
316 1005 392 1066 258:
416 1019 454 1064 ea
474 1020 554 1062 nuno
576 1003 662 1078 qnasi
684 1001 798 1064 decidit
820 1004 855 1063 do
874 1005 962 1065 eaelo.
1006 1002 1103 1068 Mero.
1117 1001 1154 1082 V,
1177 1006 1205 1083 2,
1232 1007 1308 1068 106:

149 1104 214 1164 Iam
237 1102 313 1162 redii
334 1101 370 1160 do
391 1101 489 1160 eollo.
534 1096 614 1162 Rue.
637 1098 717 1179 prol.
739 1119 768 1165 v.
786 1106 842 1166 75:
865 1102 913 1160 Do
934 1102 1005 1162 ononi
1027 1101 1148 1162 timidae
1171 1102 1307 1164 desulue-

148 1205 222 1260 runt
240 1200 272 1259 in
293 1199 449 1272 scapham,
472 1194 557 1260 unde
579 1193 806 1262 Fleckeisenus
828 1196 876 1276 11,
899 1201 927 1275 3,
951 1199 990 1262 36
1014 1212 1140 1277 quoque
1162 1195 1307 1276 soripsit:

147 1296 198 1356 De
218 1296 291 1356 aovi
317 1295 439 1356 timidae
463 1296 567 1356 ambae
587 1295 617 1352 in
638 1296 779 1371 saeptam
799 1296 984 1368 innotuimus,
1007 1308 1104 1371 quum
1118 1291 1215 1374 vulgo
1231 1293 1309 1358 seri·

147 1391 247 1458 batur
262 1409 288 1454 e.
332 1389 421 1455 Pers.
435 1388 496 1463 ΙΙΙ,
524 1396 550 1468 l,
571 1393 630 1454 45:
652 1409 707 1468 ego
728 1393 765 1453 do
786 1395 844 1454 irae
864 1393 1009 1453 sonnatio
1031 1391 1098 1452 Non
1122 1392 1308 1454 demorabor.

148 1487 279 1554 Trabea
301 1485 339 1552 fr.
359 1487 419 1552 inc.
443 1485 505 1552 fab.
531 1491 558 1564 1,
581 1503 609 1550 v.
628 1491 662 1552 3:
687 1491 723 1550 de
746 1493 906 1564 inproviso.
943 1485 1057 1552 Caecil.
1074 1485 1154 1552 Stat.
1170 1486 1311 1552 Fallacia

148 1583 188 1652 fr.
205 1589 239 1650 6:
264 1586 455 1648 Ossieulatim
468 1587 684 1666 Parmenonem
697 1588 732 1646 de
745 1589 798 1647 oio
811 1590 902 1649 liceat
917 1588 1026 1660 legant.
1051 1583 1177 1648 Terent.
1190 1582 1308 1649 Heaut

147 1681 205 1761 1v,
230 1688 259 1762 1,
283 1687 339 1747 37:
359 1684 507 1758 deotpato
531 1683 650 1742 anulum
674 1685 818 1745 Detrahe.
863 1681 961 1747 Andr.
985 1679 1044 1758 ΙΠ,
1069 1683 1097 1757 2,
1125 1683 1176 1744 ll:
1200 1683 1309 1742 elamet

148 1781 185 1842 de
206 1783 265 1842 oio.
309 1778 436 1847 Phorm.
460 1777 501 1856 ΙΙ,
524 1781 553 1857 3,
580 1782 632 1842 17:
666 1781 708 1841 ibi
730 1799 832 1856 agrum
854 1780 890 1842 de
910 1782 1011 1841 nostro
1027 1781 1117 1852 patro
1146 1778 1309 1838 colendum

148 1880 288 1940 habebat
335 1873 410 1940 Hoc.
434 1874 472 1953 V,
497 1881 525 1951 1,
551 1881 583 1940 1:
617 1879 684 1938 Non
717 1878 773 1938 hoo
800 1878 835 1937 de
861 1878 961 1936 alost.
1006 1872 1124 1938 Heaut.
1147 1871 1192 1951 ΙΙ,
1223 1879 1252 1952 3,
1276 1878 1309 1938 9;

148 1977 213 2040 Vae
236 1977 347 2038 misero
369 1976 419 2050 mi,
442 1980 556 2048 poento
577 1975 613 2035 do
635 1991 684 2050 spo
706 1975 822 2036 deoidil
866 1970 965 2036 Andr.
988 1968 1067 2050 prol.
1092 1987 1120 2032 v.
1145 1970 1199 2033 26:
1223 1972 1309 2032 Post-

149 2074 207 2135 heo
231 2090 305 2150 quas
327 2071 419 2134 faoiet
441 2073 611 2148 monteyro
634 2071 812 2132 comoedias.

236 2168 267 2234 b.
301 2170 350 2234 De
371 2166 418 2233 ila
439 2166 571 2248 dieitur,
604 2171 642 2233 ut
673 2165 793 2248 aliquid
823 2164 1024 2244 disiungatur
1050 2181 1070 2230 a
1092 2161 1183 2242 copia
1205 2161 1311 2242 aliqua

151 2272 208 2332 aut
222 2266 426 2346 possessione
441 2264 577 2330 alterius
600 2269 634 2330 et
658 2267 803 2329 transeat
827 2261 869 2326 ad
892 2278 985 2326 usum
999 2265 1056 2325 aut
1079 2258 1311 2340 possessionem

152 2363 298 2442 alterius,
321 2368 378 2428 aut
399 2367 437 2426 ut
456 2379 578 2428 meram
600 2360 786 2442 partitiram
802 2358 959 2424 sustineat
972 2355 1134 2421 notionem
1151 2355 1309 2434 (Kampm.

150 2479 181 2525 n.
204 2463 247 2536 4).
292 2459 396 2526 Plaut.
420 2458 538 2524 Bacch.
562 2458 593 2538 Ι,
619 2463 652 2538 1,
676 2463 733 2523 65:
767 2460 809 2518 Et
833 2473 954 2533 operam
977 2456 1048 2516 dare
1071 2457 1111 2516 mi
1133 2460 1164 2514 et
1186 2454 1223 2514 ad
1245 2470 1311 2514 eam

150 2577 274 2636 operam
297 2559 399 2622 faeere
423 2565 572 2633 sumptum
593 2558 630 2617 de
653 2561 711 2618 too.
748 2551 807 2631 ΙΠ,
821 2557 853 2630 4,
877 2557 916 2616 14
931 2567 993 2630 so:
1018 2554 1126 2612 Verum
1149 2568 1237 2626 qnam
1258 2552 1311 2610 illa

150 2675 290 2735 umquam
308 2657 345 2716 ote
365 2673 432 2716 meo
448 2657 578 2730 pensato
600 2656 747 2714 Rementa
769 2652 822 2710 fiat
843 2651 1022 2726 propensior
1049 2650 1122 2712 cett.
1166 2645 1249 2710 Men.
1270 2643 1310 2724 ΙΙ,

152 2759 261 2834 2,17;
296 2756 368 2815 lube
397 2760 427 2814 te
458 2755 536 2828 piari
563 2753 598 2814 de
619 2767 685 2809 meo
704 2749 841 2822 paeonio.
887 2743 970 2807 Men.
993 2742 1019 2820 1,
1042 2748 1076 2819 2,
1097 2745 1157 2806 40:
1194 2743 1311 2818 Ecquid

150 2854 245 2914 audes
268 2853 305 2912 de
328 2856 378 2912 too
399 2853 478 2912 istnc
501 2849 622 2910 addere.
666 2844 754 2909 Pers
778 2842 804 2921 1,
826 2847 856 2922 3,
876 2846 932 2906 42:
967 2842 1163 2902 Tuburoinari
1189 2841 1225 2902 de
1250 2855 1310 2900 soo.

153 2946 210 3026 lv,
228 2953 257 3028 3,
273 2954 308 3012 4:
333 2951 375 3010 nil
398 2948 530 3024 gustabit
550 2946 585 3006 de
607 2961 677 3006 meo.
723 2938 820 3005 Stich.
836 2937 893 3017 ΙΙΙ,
912 2943 938 3016 1,
961 2941 1016 3002 25;
1039 2939 1096 2998 Vel
1110 2939 1222 3012 deeem,
1243 2936 1311 2997 dnm

154 3047 191 3108 de
213 3050 271 3110 too.
318 3043 412 3109 Truc.
435 3041 474 3121 V,
497 3060 525 3106 v.
550 3045 607 3105 61:
632 3042 685 3102 sed
707 3040 743 3100 ote
763 3042 862 3100 oestro
884 3038 981 3098 vivito.
1026 3032 1142 3097 Pseud.
1165 3032 1196 3111 Ι,
1221 3037 1255 3109 5,
1281 3036 1311 3094 l:

151 3145 185 3205 si
206 3145 243 3206 de
265 3145 414 3204 damnosa
446 3147 498 3201 ant
524 3141 551 3202 ei
579 3139 615 3200 de
636 3137 818 3202 amatoribus
839 3135 978 3196 Dictator
1004 3133 1057 3194 fiat
1085 3148 1162 3192 none
1185 3130 1310 3192 Athenis

151 3243 273 3302 Atticis.
318 3238 412 3303 Most.
436 3236 491 3314 IV,
518 3240 545 3313 1,
568 3238 601 3299 6:

829 3362 944 3423 faciunt
965 3363 1001 3421 de
1022 3362 1101 3422 moto

368 3467 452 3544 [eibi]
475 3467 635 3542 peculium,
660 3462 738 3539 qnod
761 3465 912 3535 nequeunt
934 3459 982 3536 [do
1003 3458 1097 3534 boeot

152 3627 196 3692 od
218 3643 247 3706 q.
271 3626 291 3690 l.
308 3626 380 3692 vide
395 3626 496 3705 intpp.
514 3619 611 3686 Stich.
632 3617 688 3701 ΙΙΙ,
712 3625 742 3699 2,
765 3623 824 3684 4οε
848 3620 921 3680 Cras
943 3618 978 3678 do
999 3618 1135 3692 reliquiis
1155 3633 1209 3676 nos
1231 3615 1308 3689 volo,

155 3725 211 3792 ubi
232 3724 348 3803 Kamp.
371 3725 478 3788 mente
501 3718 591 3784 addit
613 3721 709 3794 beari,
733 3718 889 3780 delectari.
933 3712 1030 3780 Stich.
1046 3712 1103 3791 IV,
1128 3717 1156 3789 1,
1179 3716 1235 3775 57:
1259 3711 1311 3772 Se·

156 3842 216 3886 nex
239 3823 357 3898 quidem
380 3818 484 3894 voluit,
509 3820 535 3879 si
556 3828 675 3897 posset,
699 3819 838 3894 indipisai
858 3817 893 3874 do
915 3813 985 3874 eido.
1030 3807 1116 3873 Trio.
1139 3806 1180 3885 II,
1204 3811 1233 3884 2,
1257 3808 1311 3870 68:

154 3926 203 3984 Do
227 3922 345 3996 mapale
367 3920 479 3980 divitiis
502 3918 598 3992 siquid
622 3917 738 3992 demas,
772 3917 840 3990 plus
867 3911 902 3972 fit
929 3926 966 3970 an
996 3906 1115 3968 minus?
1159 3903 1252 3967 Truc.
1274 3899 1312 3972 V,

154 4039 185 4086 v.
200 4021 258 4084 48:
282 4019 331 4079 De
352 4024 385 4076 tu
407 4018 442 4076 de
465 4016 523 4076 tois
544 4015 657 4076 doliolis
677 4012 800 4075 sommis
822 4008 892 4085 qnid
911 4001 1116 4082 pauxillulum.
1161 3997 1257 4064 Stich.
1272 3994 1313 4078 ΙΙ,

155 4120 187 4196 2,
210 4119 265 4180 75:
301 4117 412 4178 discam
435 4113 470 4175 de
492 4112 578 4174 dietis
599 4111 769 4172 melioribus
793 4103 926 4186 (unum).
971 4097 1087 4165 Pseud.
1114 4096 1170 4176 IV,
1195 4101 1223 4174 7,
1254 4098 1311 4159 68:

155 4219 306 4276 memento
335 4231 406 4287 ergo
435 4212 586 4273 dimidium
613 4210 686 4278 mihi
712 4208 822 4276 instinc
849 4199 1019 4275 depraeder
1045 4198 1125 4260 dare.
1169 4192 1263 4258 Most.
1287 4189 1312 4268 Ι,
