<?xml version="1.0" encoding="UTF-8"?>
<!DOCTYPE html PUBLIC "-//W3C//DTD XHTML 1.0 Transitional//EN"
    "http://www.w3.org/TR/xhtml1/DTD/xhtml1-transitional.dtd">
<html xmlns="http://www.w3.org/1999/xhtml" xml:lang="en" lang="en">
 <head>
  <title>
</title>
<meta http-equiv="Content-Type" content="text/html;charset=utf-8" />
  <meta name='ocr-system' content='tesseract 3.04.00' />
  <meta name='ocr-capabilities' content='ocr_page ocr_carea ocr_par ocr_line ocrx_word'/>
</head>
<body>
  <div class='ocr_page' id='page_1' title='image "./syntaxispriscor01holtgoog_0362.png"; bbox 0 0 3004 4764; ppageno 0'>
   <div class='ocr_carea' id='block_1_1' title="bbox 515 261 1323 324">
    <p class='ocr_par' dir='ltr' id='par_1_1' title="bbox 515 261 1323 324">
     <span class='ocr_line' id='line_1_1' title="bbox 515 261 1323 324; baseline 0.015 -22"><span class='ocrx_word' id='word_1_1' title='bbox 515 261 664 304; x_wconf 71' lang='lat' dir='ltr'><strong>uocantur</strong></span> <span class='ocrx_word' id='word_1_2' title='bbox 678 261 942 304; x_wconf 74' lang='lat' dir='ltr'><strong>Paanrounrouma.</strong></span> <span class='ocrx_word' id='word_1_3' title='bbox 1258 265 1323 324; x_wconf 76' lang='grc'><strong>345</strong></span> 
     </span>
    </p>
   </div>
   <div class='ocr_carea' id='block_1_2' title="bbox 80 435 1332 4332">
    <p class='ocr_par' dir='ltr' id='par_1_2' title="bbox 169 435 1326 1982">
     <span class='ocr_line' id='line_1_2' title="bbox 172 435 1321 516; baseline -0.004 -17"><span class='ocrx_word' id='word_1_4' title='bbox 172 440 327 516; x_wconf 81' lang='lat' dir='ltr'><strong>quisquam</strong></span> <span class='ocrx_word' id='word_1_5' title='bbox 349 439 393 498; x_wconf 88' lang='lat' dir='ltr'><strong>uti</strong></span> <span class='ocrx_word' id='word_1_6' title='bbox 414 439 529 514; x_wconf 87' lang='lat' dir='ltr'><strong>possiet</strong></span> <span class='ocrx_word' id='word_1_7' title='bbox 551 437 623 516; x_wconf 70' lang='lat' dir='ltr'><strong>State</strong></span> <span class='ocrx_word' id='word_1_8' title='bbox 642 439 721 498; x_wconf 85' lang='lat' dir='ltr'><strong>molo</strong></span> <span class='ocrx_word' id='word_1_9' title='bbox 743 440 830 498; x_wconf 76' lang='lat' dir='ltr'><strong>omni.</strong></span> <span class='ocrx_word' id='word_1_10' title='bbox 877 435 992 502; x_wconf 80' lang='lat' dir='ltr'><strong>Pseud.</strong></span> <span class='ocrx_word' id='word_1_11' title='bbox 1015 451 1044 500; x_wconf 87' lang='lat' dir='ltr'><strong>v.</strong></span> <span class='ocrx_word' id='word_1_12' title='bbox 1069 439 1148 500; x_wconf 86' lang='lat'><strong>343:</strong></span> <span class='ocrx_word' id='word_1_13' title='bbox 1179 435 1249 494; x_wconf 84' lang='lat' dir='ltr'><strong>Sine</strong></span> <span class='ocrx_word' id='word_1_14' title='bbox 1273 451 1321 496; x_wconf 88' lang='lat' dir='ltr'><strong>or·</strong></span> 
     </span>
     <span class='ocr_line' id='line_1_3' title="bbox 174 533 1325 612; baseline -0.004 -16"><span class='ocrx_word' id='word_1_15' title='bbox 174 539 332 597; x_wconf 84' lang='lat' dir='ltr'><strong>ramentis.</strong></span> <span class='ocrx_word' id='word_1_16' title='bbox 355 533 381 612; x_wconf 95' lang='lat' dir='ltr'><strong>I,</strong></span> <span class='ocrx_word' id='word_1_17' title='bbox 406 541 434 610; x_wconf 81' lang='lat'><strong>3,</strong></span> <span class='ocrx_word' id='word_1_18' title='bbox 460 539 534 599; x_wconf 82' lang='lat'>144:</span> <span class='ocrx_word' id='word_1_19' title='bbox 558 539 610 598; x_wconf 86' lang='lat' dir='ltr'><strong>Set</strong></span> <span class='ocrx_word' id='word_1_20' title='bbox 632 537 695 597; x_wconf 68' lang='lat' dir='ltr'><strong>aar</strong></span> <span class='ocrx_word' id='word_1_21' title='bbox 719 541 840 609; x_wconf 76' lang='lat' dir='ltr'><strong>argento</strong></span> <span class='ocrx_word' id='word_1_22' title='bbox 862 533 1000 596; x_wconf 85' lang='lat' dir='ltr'><strong>frustra&#39;s</strong></span> <span class='ocrx_word' id='word_1_23' title='bbox 1029 535 1079 610; x_wconf 90' lang='lat' dir='ltr'><strong>qui</strong></span> <span class='ocrx_word' id='word_1_24' title='bbox 1100 551 1147 594; x_wconf 93' lang='lat' dir='ltr'><strong>me</strong></span> <span class='ocrx_word' id='word_1_25' title='bbox 1171 535 1214 592; x_wconf 91' lang='lat' dir='ltr'><strong>tui</strong></span> <span class='ocrx_word' id='word_1_26' title='bbox 1235 534 1325 592; x_wconf 90' lang='lat' dir='ltr'><strong>mise·</strong></span> 
     </span>
     <span class='ocr_line' id='line_1_4' title="bbox 172 630 1322 712; baseline -0.007 -16"><span class='ocrx_word' id='word_1_27' title='bbox 172 637 234 696; x_wconf 92' lang='lat' dir='ltr'><strong>reri</strong></span> <span class='ocrx_word' id='word_1_28' title='bbox 257 636 400 710; x_wconf 77' lang='lat' dir='ltr'>postulas.</span> <span class='ocrx_word' id='word_1_29' title='bbox 445 631 530 696; x_wconf 91' lang='lat' dir='ltr'><strong>Men.</strong></span> <span class='ocrx_word' id='word_1_30' title='bbox 551 631 592 710; x_wconf 92' lang='grc' dir='ltr'>Π,</span> <span class='ocrx_word' id='word_1_31' title='bbox 619 638 646 712; x_wconf 96' lang='grc'>1,</span> <span class='ocrx_word' id='word_1_32' title='bbox 669 638 723 700; x_wconf 84' lang='grc'><strong>39;</strong></span> <span class='ocrx_word' id='word_1_33' title='bbox 747 636 809 696; x_wconf 90' lang='lat' dir='ltr'><strong>siue</strong></span> <span class='ocrx_word' id='word_1_34' title='bbox 833 634 949 694; x_wconf 89' lang='lat' dir='ltr'><strong>damno.</strong></span> <span class='ocrx_word' id='word_1_35' title='bbox 971 630 1066 696; x_wconf 86' lang='lat' dir='ltr'><strong>Most.</strong></span> <span class='ocrx_word' id='word_1_36' title='bbox 1089 649 1117 694; x_wconf 90' lang='lat' dir='ltr'><strong>v.</strong></span> <span class='ocrx_word' id='word_1_37' title='bbox 1142 633 1218 694; x_wconf 82' lang='lat'>848:</span> <span class='ocrx_word' id='word_1_38' title='bbox 1241 631 1322 704; x_wconf 88' lang='lat' dir='ltr'><strong>Ergo</strong></span> 
     </span>
     <span class='ocr_line' id='line_1_5' title="bbox 172 728 1322 808; baseline -0.005 -16"><span class='ocrx_word' id='word_1_39' title='bbox 172 751 207 793; x_wconf 90' lang='lat' dir='ltr'><strong>eo</strong></span> <span class='ocrx_word' id='word_1_40' title='bbox 235 734 326 808; x_wconf 85' lang='lat' dir='ltr'><strong>igitur</strong></span> <span class='ocrx_word' id='word_1_41' title='bbox 355 734 418 792; x_wconf 91' lang='lat' dir='ltr'><strong>sine</strong></span> <span class='ocrx_word' id='word_1_42' title='bbox 447 733 636 807; x_wconf 90' lang='lat' dir='ltr'><strong>perductore.</strong></span> <span class='ocrx_word' id='word_1_43' title='bbox 681 729 769 794; x_wconf 87' lang='lat' dir='ltr'><strong>Pers.</strong></span> <span class='ocrx_word' id='word_1_44' title='bbox 799 729 824 805; x_wconf 88' lang='grc' dir='ltr'><strong>Ι,</strong></span> <span class='ocrx_word' id='word_1_45' title='bbox 853 734 882 808; x_wconf 98' lang='grc'>2,</span> <span class='ocrx_word' id='word_1_46' title='bbox 912 733 966 793; x_wconf 86' lang='grc' dir='ltr'><strong>1οι</strong></span> <span class='ocrx_word' id='word_1_47' title='bbox 1011 732 1079 791; x_wconf 87' lang='lat' dir='ltr'><strong>Sine</strong></span> <span class='ocrx_word' id='word_1_48' title='bbox 1108 747 1173 788; x_wconf 92' lang='lat' dir='ltr'><strong>meo</strong></span> <span class='ocrx_word' id='word_1_49' title='bbox 1199 728 1322 803; x_wconf 88' lang='lat' dir='ltr'><strong>periclo.</strong></span> 
     </span>
     <span class='ocr_line' id='line_1_6' title="bbox 172 825 1324 907; baseline -0.008 -15"><span class='ocrx_word' id='word_1_50' title='bbox 172 827 417 907; x_wconf 73' lang='lat' dir='ltr'><strong>Bacchius,</strong></span> <span class='ocrx_word' id='word_1_51' title='bbox 441 832 478 892; x_wconf 86' lang='lat'><strong>2:</strong></span> <span class='ocrx_word' id='word_1_52' title='bbox 518 831 586 890; x_wconf 86' lang='lat' dir='ltr'><strong>Sine</strong></span> <span class='ocrx_word' id='word_1_53' title='bbox 609 831 695 890; x_wconf 91' lang='lat' dir='ltr'><strong>modo</strong></span> <span class='ocrx_word' id='word_1_54' title='bbox 719 837 749 890; x_wconf 91' lang='lat' dir='ltr'><strong>et</strong></span> <span class='ocrx_word' id='word_1_55' title='bbox 772 831 920 890; x_wconf 87' lang='lat' dir='ltr'><strong>modestia</strong></span> <span class='ocrx_word' id='word_1_56' title='bbox 942 847 1022 901; x_wconf 88' lang='lat' dir='ltr'><strong>aum,</strong></span> <span class='ocrx_word' id='word_1_57' title='bbox 1060 829 1123 887; x_wconf 90' lang='lat' dir='ltr'><strong>sine</strong></span> <span class='ocrx_word' id='word_1_58' title='bbox 1150 827 1228 886; x_wconf 91' lang='lat' dir='ltr'><strong>bono</strong></span> <span class='ocrx_word' id='word_1_59' title='bbox 1257 825 1324 886; x_wconf 91' lang='lat' dir='ltr'><strong>iure</strong></span> 
     </span>
     <span class='ocr_line' id='line_1_7' title="bbox 171 925 1323 1006; baseline -0.003 -18"><span class='ocrx_word' id='word_1_60' title='bbox 171 937 261 1004; x_wconf 89' lang='lat' dir='ltr'><strong>atque</strong></span> <span class='ocrx_word' id='word_1_61' title='bbox 285 929 407 988; x_wconf 87' lang='lat' dir='ltr'>honore.</span> <span class='ocrx_word' id='word_1_62' title='bbox 450 925 506 1005; x_wconf 92' lang='lat' dir='ltr'><strong>IV,</strong></span> <span class='ocrx_word' id='word_1_63' title='bbox 530 932 559 1006; x_wconf 88' lang='lat'><strong>9,</strong></span> <span class='ocrx_word' id='word_1_64' title='bbox 582 931 620 991; x_wconf 90' lang='lat'><strong>6:</strong></span> <span class='ocrx_word' id='word_1_65' title='bbox 654 929 723 988; x_wconf 86' lang='lat' dir='ltr'><strong>Sine</strong></span> <span class='ocrx_word' id='word_1_66' title='bbox 752 929 849 988; x_wconf 88' lang='lat' dir='ltr'><strong>classe</strong></span> <span class='ocrx_word' id='word_1_67' title='bbox 879 929 1001 1002; x_wconf 83' lang='lat' dir='ltr'>sineque</span> <span class='ocrx_word' id='word_1_68' title='bbox 1030 927 1164 985; x_wconf 84' lang='lat' dir='ltr'><strong>exercitu</strong></span> <span class='ocrx_word' id='word_1_69' title='bbox 1187 929 1217 983; x_wconf 90' lang='lat' dir='ltr'><strong>et</strong></span> <span class='ocrx_word' id='word_1_70' title='bbox 1239 929 1323 984; x_wconf 89' lang='lat' dir='ltr'><strong>tanto</strong></span> 
     </span>
     <span class='ocr_line' id='line_1_8' title="bbox 169 1023 1325 1102; baseline -0.003 -18"><span class='ocrx_word' id='word_1_71' title='bbox 169 1041 292 1085; x_wconf 89' lang='lat' dir='ltr'><strong>numero</strong></span> <span class='ocrx_word' id='word_1_72' title='bbox 315 1027 448 1086; x_wconf 89' lang='lat' dir='ltr'><strong>militum.</strong></span> <span class='ocrx_word' id='word_1_73' title='bbox 471 1041 500 1085; x_wconf 91' lang='lat' dir='ltr'><strong>v.</strong></span> <span class='ocrx_word' id='word_1_74' title='bbox 517 1029 572 1088; x_wconf 81' lang='lat'><strong>50:</strong></span> <span class='ocrx_word' id='word_1_75' title='bbox 598 1027 815 1102; x_wconf 82' lang='lat' dir='ltr'><strong>Quadrigentos</strong></span> <span class='ocrx_word' id='word_1_76' title='bbox 837 1025 914 1085; x_wconf 92' lang='lat' dir='ltr'><strong>filios</strong></span> <span class='ocrx_word' id='word_1_77' title='bbox 938 1025 1029 1084; x_wconf 90' lang='lat' dir='ltr'><strong>habet</strong></span> <span class='ocrx_word' id='word_1_78' title='bbox 1051 1031 1139 1098; x_wconf 88' lang='lat' dir='ltr'><strong>atque</strong></span> <span class='ocrx_word' id='word_1_79' title='bbox 1163 1023 1258 1082; x_wconf 89' lang='lat' dir='ltr'><strong>omnis</strong></span> <span class='ocrx_word' id='word_1_80' title='bbox 1279 1024 1325 1082; x_wconf 89' lang='lat' dir='ltr'><strong>le·</strong></span> 
     </span>
     <span class='ocr_line' id='line_1_9' title="bbox 175 1120 1325 1200; baseline -0.004 -18"><span class='ocrx_word' id='word_1_81' title='bbox 175 1129 238 1182; x_wconf 92' lang='lat' dir='ltr'><strong>ctos</strong></span> <span class='ocrx_word' id='word_1_82' title='bbox 268 1124 331 1184; x_wconf 89' lang='lat' dir='ltr'><strong>sine</strong></span> <span class='ocrx_word' id='word_1_83' title='bbox 360 1125 479 1198; x_wconf 89' lang='lat' dir='ltr'><strong>probro.</strong></span> <span class='ocrx_word' id='word_1_84' title='bbox 525 1120 621 1186; x_wconf 82' lang='lat' dir='ltr'><strong>Stich.</strong></span> <span class='ocrx_word' id='word_1_85' title='bbox 648 1120 673 1198; x_wconf 94' lang='grc' dir='ltr'><strong>Ι,</strong></span> <span class='ocrx_word' id='word_1_86' title='bbox 702 1125 731 1200; x_wconf 97' lang='grc'>2,</span> <span class='ocrx_word' id='word_1_87' title='bbox 760 1128 797 1184; x_wconf 84' lang='lat'><strong>4:</strong></span> <span class='ocrx_word' id='word_1_88' title='bbox 840 1124 1006 1184; x_wconf 88' lang='lat' dir='ltr'><strong>Advorsari</strong></span> <span class='ocrx_word' id='word_1_89' title='bbox 1033 1124 1096 1181; x_wconf 90' lang='lat' dir='ltr'><strong>sins</strong></span> <span class='ocrx_word' id='word_1_90' title='bbox 1124 1121 1270 1180; x_wconf 87' lang='lat' dir='ltr'><strong>dedecore</strong></span> <span class='ocrx_word' id='word_1_91' title='bbox 1294 1124 1325 1178; x_wconf 87' lang='lat' dir='ltr'><strong>et</strong></span> 
     </span>
     <span class='ocr_line' id='line_1_10' title="bbox 174 1217 1324 1297; baseline -0.003 -17"><span class='ocrx_word' id='word_1_92' title='bbox 174 1225 290 1281; x_wconf 86' lang='lat' dir='ltr'><strong>scelere</strong></span> <span class='ocrx_word' id='word_1_93' title='bbox 324 1239 435 1282; x_wconf 89' lang='lat' dir='ltr'><strong>summo</strong></span> <span class='ocrx_word' id='word_1_94' title='bbox 462 1223 521 1282; x_wconf 90' lang='lat' dir='ltr'><strong>bau</strong></span> <span class='ocrx_word' id='word_1_95' title='bbox 543 1240 707 1297; x_wconf 90' lang='lat' dir='ltr'><strong>possumus.</strong></span> <span class='ocrx_word' id='word_1_96' title='bbox 752 1217 868 1284; x_wconf 88' lang='lat' dir='ltr'><strong>Bacch.</strong></span> <span class='ocrx_word' id='word_1_97' title='bbox 895 1217 933 1296; x_wconf 97' lang='lat' dir='ltr'><strong>V,</strong></span> <span class='ocrx_word' id='word_1_98' title='bbox 966 1222 994 1294; x_wconf 89' lang='grc'>2,</span> <span class='ocrx_word' id='word_1_99' title='bbox 1028 1222 1086 1281; x_wconf 86' lang='lat'><strong>12:</strong></span> <span class='ocrx_word' id='word_1_100' title='bbox 1110 1219 1239 1278; x_wconf 77' lang='lat' dir='ltr'><strong>Ecastor</strong></span> <span class='ocrx_word' id='word_1_101' title='bbox 1261 1217 1324 1276; x_wconf 90' lang='lat' dir='ltr'><strong>sine</strong></span> 
     </span>
     <span class='ocr_line' id='line_1_11' title="bbox 173 1316 1323 1392; baseline -0.005 -12"><span class='ocrx_word' id='word_1_102' title='bbox 173 1321 254 1380; x_wconf 91' lang='lat' dir='ltr'><strong>omni</strong></span> <span class='ocrx_word' id='word_1_103' title='bbox 281 1321 411 1380; x_wconf 80' lang='lat' dir='ltr'>arbitror</span> <span class='ocrx_word' id='word_1_104' title='bbox 438 1322 553 1380; x_wconf 87' lang='lat' dir='ltr'><strong>malitia</strong></span> <span class='ocrx_word' id='word_1_105' title='bbox 580 1337 656 1380; x_wconf 90' lang='lat' dir='ltr'><strong>esse.</strong></span> <span class='ocrx_word' id='word_1_106' title='bbox 700 1316 815 1382; x_wconf 83' lang='lat' dir='ltr'>Bacch.</span> <span class='ocrx_word' id='word_1_107' title='bbox 843 1333 872 1382; x_wconf 90' lang='lat' dir='ltr'><strong>v.</strong></span> <span class='ocrx_word' id='word_1_108' title='bbox 899 1322 930 1380; x_wconf 95' lang='lat'><strong>1:</strong></span> <span class='ocrx_word' id='word_1_109' title='bbox 978 1319 1090 1392; x_wconf 80' lang='lat' dir='ltr'><strong>Quibus</strong></span> <span class='ocrx_word' id='word_1_110' title='bbox 1119 1318 1267 1392; x_wconf 79' lang='lat' dir='ltr'><strong>ingenium</strong></span> <span class='ocrx_word' id='word_1_111' title='bbox 1294 1319 1323 1375; x_wconf 91' lang='lat' dir='ltr'><strong>in</strong></span> 
     </span>
     <span class='ocr_line' id='line_1_12' title="bbox 172 1411 1326 1492; baseline -0.002 -14"><span class='ocrx_word' id='word_1_112' title='bbox 172 1419 271 1478; x_wconf 93' lang='lat' dir='ltr'><strong>animo</strong></span> <span class='ocrx_word' id='word_1_113' title='bbox 299 1419 448 1492; x_wconf 84' lang='lat' dir='ltr'><strong>utibilest,</strong></span> <span class='ocrx_word' id='word_1_114' title='bbox 475 1418 622 1478; x_wconf 87' lang='lat' dir='ltr'><strong>modicum</strong></span> <span class='ocrx_word' id='word_1_115' title='bbox 650 1423 681 1478; x_wconf 89' lang='lat' dir='ltr'><strong>et</strong></span> <span class='ocrx_word' id='word_1_116' title='bbox 711 1419 774 1478; x_wconf 91' lang='lat' dir='ltr'><strong>sine</strong></span> <span class='ocrx_word' id='word_1_117' title='bbox 806 1418 985 1476; x_wconf 76' lang='lat' dir='ltr'><strong>vernilitate.</strong></span> <span class='ocrx_word' id='word_1_118' title='bbox 1030 1411 1326 1492; x_wconf 79' lang='lat' dir='ltr'><strong>Stich.11,1,3a:</strong></span> 
     </span>
     <span class='ocr_line' id='line_1_13' title="bbox 174 1510 1326 1592; baseline -0.003 -16"><span class='ocrx_word' id='word_1_119' title='bbox 174 1517 270 1577; x_wconf 88' lang='lat' dir='ltr'><strong>Nimis</strong></span> <span class='ocrx_word' id='word_1_120' title='bbox 293 1517 368 1576; x_wconf 89' lang='lat' dir='ltr'><strong>baec</strong></span> <span class='ocrx_word' id='word_1_121' title='bbox 390 1534 439 1576; x_wconf 90' lang='lat' dir='ltr'><strong>res</strong></span> <span class='ocrx_word' id='word_1_122' title='bbox 463 1517 526 1576; x_wconf 87' lang='lat' dir='ltr'><strong>siue</strong></span> <span class='ocrx_word' id='word_1_123' title='bbox 550 1533 623 1574; x_wconf 91' lang='lat' dir='ltr'><strong>cura</strong></span> <span class='ocrx_word' id='word_1_124' title='bbox 645 1515 768 1592; x_wconf 83' lang='lat' dir='ltr'><strong>geritur.</strong></span> <span class='ocrx_word' id='word_1_125' title='bbox 799 1516 827 1590; x_wconf 86' lang='lat'><strong>2,</strong></span> <span class='ocrx_word' id='word_1_126' title='bbox 851 1516 902 1576; x_wconf 90' lang='grc'><strong>28.</strong></span> <span class='ocrx_word' id='word_1_127' title='bbox 933 1510 992 1589; x_wconf 92' lang='grc' dir='ltr'>ΙΠ,</span> <span class='ocrx_word' id='word_1_128' title='bbox 1018 1516 1046 1590; x_wconf 91' lang='lat'><strong>1,</strong></span> <span class='ocrx_word' id='word_1_129' title='bbox 1072 1515 1125 1574; x_wconf 80' lang='lat'><strong>12:</strong></span> <span class='ocrx_word' id='word_1_130' title='bbox 1151 1514 1215 1572; x_wconf 89' lang='lat' dir='ltr'><strong>sine</strong></span> <span class='ocrx_word' id='word_1_131' title='bbox 1238 1513 1326 1572; x_wconf 89' lang='lat' dir='ltr'><strong>advo-</strong></span> 
     </span>
     <span class='ocr_line' id='line_1_14' title="bbox 175 1606 1325 1691; baseline -0.003 -18"><span class='ocrx_word' id='word_1_132' title='bbox 175 1616 262 1676; x_wconf 86' lang='lat' dir='ltr'><strong>catis.</strong></span> <span class='ocrx_word' id='word_1_133' title='bbox 307 1610 420 1691; x_wconf 83' lang='lat' dir='ltr'><strong>Amph.</strong></span> <span class='ocrx_word' id='word_1_134' title='bbox 444 1610 504 1690; x_wconf 94' lang='grc' dir='ltr'>ΙΠ,</span> <span class='ocrx_word' id='word_1_135' title='bbox 530 1617 557 1690; x_wconf 91' lang='grc'>1,</span> <span class='ocrx_word' id='word_1_136' title='bbox 583 1616 635 1676; x_wconf 88' lang='lat'><strong>19:</strong></span> <span class='ocrx_word' id='word_1_137' title='bbox 659 1615 758 1688; x_wconf 88' lang='lat' dir='ltr'><strong>pariat</strong></span> <span class='ocrx_word' id='word_1_138' title='bbox 781 1614 844 1672; x_wconf 91' lang='lat' dir='ltr'><strong>sina</strong></span> <span class='ocrx_word' id='word_1_139' title='bbox 867 1612 1025 1674; x_wconf 90' lang='lat' dir='ltr'><strong>doloribus.</strong></span> <span class='ocrx_word' id='word_1_140' title='bbox 1058 1607 1185 1672; x_wconf 72' lang='lat' dir='ltr'><strong>Terent.</strong></span> <span class='ocrx_word' id='word_1_141' title='bbox 1208 1606 1325 1672; x_wconf 86' lang='lat' dir='ltr'><strong>Heaut.</strong></span> 
     </span>
     <span class='ocr_line' id='line_1_15' title="bbox 174 1708 1326 1788; baseline -0.003 -16"><span class='ocrx_word' id='word_1_142' title='bbox 174 1709 216 1788; x_wconf 93' lang='lat' dir='ltr'><strong>II,</strong></span> <span class='ocrx_word' id='word_1_143' title='bbox 242 1715 270 1787; x_wconf 82' lang='lat'><strong>3,</strong></span> <span class='ocrx_word' id='word_1_144' title='bbox 295 1715 349 1774; x_wconf 82' lang='lat'><strong>73:</strong></span> <span class='ocrx_word' id='word_1_145' title='bbox 382 1713 449 1772; x_wconf 89' lang='lat' dir='ltr'><strong>Non</strong></span> <span class='ocrx_word' id='word_1_146' title='bbox 471 1711 506 1770; x_wconf 87' lang='lat' dir='ltr'><strong>fit</strong></span> <span class='ocrx_word' id='word_1_147' title='bbox 527 1713 590 1772; x_wconf 76' lang='lat' dir='ltr'><strong>stae</strong></span> <span class='ocrx_word' id='word_1_148' title='bbox 606 1712 720 1786; x_wconf 77' lang='lat' dir='ltr'><strong>periclo</strong></span> <span class='ocrx_word' id='word_1_149' title='bbox 742 1711 858 1770; x_wconf 88' lang='lat' dir='ltr'><strong>facinus</strong></span> <span class='ocrx_word' id='word_1_150' title='bbox 883 1727 1020 1785; x_wconf 89' lang='lat' dir='ltr'><strong>maguum</strong></span> <span class='ocrx_word' id='word_1_151' title='bbox 1046 1726 1102 1768; x_wconf 90' lang='lat' dir='ltr'><strong>nec</strong></span> <span class='ocrx_word' id='word_1_152' title='bbox 1124 1708 1326 1769; x_wconf 68' lang='lat' dir='ltr'><strong>memorabile.</strong></span> 
     </span>
     <span class='ocr_line' id='line_1_16' title="bbox 172 1804 1326 1886; baseline -0.005 -14"><span class='ocrx_word' id='word_1_153' title='bbox 172 1807 270 1872; x_wconf 89' lang='lat' dir='ltr'><strong>Andr.</strong></span> <span class='ocrx_word' id='word_1_154' title='bbox 294 1806 335 1882; x_wconf 88' lang='grc' dir='ltr'>ΙΙ,</span> <span class='ocrx_word' id='word_1_155' title='bbox 360 1811 389 1880; x_wconf 87' lang='grc'>3,</span> <span class='ocrx_word' id='word_1_156' title='bbox 415 1813 470 1871; x_wconf 88' lang='lat'><strong>17:</strong></span> <span class='ocrx_word' id='word_1_157' title='bbox 496 1811 559 1870; x_wconf 87' lang='lat' dir='ltr'><strong>siue</strong></span> <span class='ocrx_word' id='word_1_158' title='bbox 583 1811 662 1871; x_wconf 92' lang='lat' dir='ltr'><strong>omni</strong></span> <span class='ocrx_word' id='word_1_159' title='bbox 683 1810 807 1883; x_wconf 93' lang='lat' dir='ltr'><strong>periclo.</strong></span> <span class='ocrx_word' id='word_1_160' title='bbox 845 1805 871 1885; x_wconf 90' lang='grc' dir='ltr'><strong>Ι,</strong></span> <span class='ocrx_word' id='word_1_161' title='bbox 896 1811 923 1886; x_wconf 92' lang='lat' dir='ltr'><strong>l,</strong></span> <span class='ocrx_word' id='word_1_162' title='bbox 949 1810 998 1870; x_wconf 85' lang='lat'><strong>39.</strong></span> <span class='ocrx_word' id='word_1_163' title='bbox 1021 1804 1047 1884; x_wconf 89' lang='grc' dir='ltr'><strong>Ι,</strong></span> <span class='ocrx_word' id='word_1_164' title='bbox 1072 1809 1101 1884; x_wconf 91' lang='grc'>2,</span> <span class='ocrx_word' id='word_1_165' title='bbox 1125 1809 1158 1868; x_wconf 89' lang='lat'><strong>8:</strong></span> <span class='ocrx_word' id='word_1_166' title='bbox 1187 1808 1228 1866; x_wconf 89' lang='lat' dir='ltr'><strong>At</strong></span> <span class='ocrx_word' id='word_1_167' title='bbox 1249 1822 1326 1866; x_wconf 86' lang='lat' dir='ltr'><strong>nunc</strong></span> 
     </span>
     <span class='ocr_line' id='line_1_17' title="bbox 172 1900 1033 1982; baseline -0.003 -16"><span class='ocrx_word' id='word_1_168' title='bbox 172 1907 273 1980; x_wconf 83' lang='lat' dir='ltr'><strong>faciet,</strong></span> <span class='ocrx_word' id='word_1_169' title='bbox 298 1923 403 1982; x_wconf 87' lang='lat' dir='ltr'><strong>neque,</strong></span> <span class='ocrx_word' id='word_1_170' title='bbox 428 1915 461 1965; x_wconf 89' lang='lat' dir='ltr'><strong>ut</strong></span> <span class='ocrx_word' id='word_1_171' title='bbox 484 1909 598 1981; x_wconf 91' lang='lat' dir='ltr'><strong>opinor,</strong></span> <span class='ocrx_word' id='word_1_172' title='bbox 621 1907 686 1967; x_wconf 77' lang='lat' dir='ltr'><strong>stae</strong></span> <span class='ocrx_word' id='word_1_173' title='bbox 708 1910 757 1966; x_wconf 85' lang='lat' dir='ltr'><strong>tao</strong></span> <span class='ocrx_word' id='word_1_174' title='bbox 779 1923 886 1981; x_wconf 77' lang='lat' dir='ltr'><strong>arogno</strong></span> <span class='ocrx_word' id='word_1_175' title='bbox 907 1907 994 1968; x_wconf 72' lang='lat' dir='ltr'><strong>mab.</strong></span> <span class='ocrx_word' id='word_1_176' title='bbox 1029 1900 1033 1908; x_wconf 83' lang='lat'>&#39;</span> 
     </span>
    </p>

    <p class='ocr_par' dir='ltr' id='par_1_3' title="bbox 80 1998 1332 4332">
     <span class='ocr_line' id='line_1_18' title="bbox 257 1998 1328 2083; baseline -0.005 -16"><span class='ocrx_word' id='word_1_177' title='bbox 257 2008 288 2068; x_wconf 82' lang='lat'><strong>4.</strong></span> <span class='ocrx_word' id='word_1_178' title='bbox 311 2005 399 2065; x_wconf 82' lang='lat' dir='ltr'><strong>Prae.</strong></span> <span class='ocrx_word' id='word_1_179' title='bbox 415 2035 458 2046; x_wconf 91' lang='lat'><em>-</em></span> <span class='ocrx_word' id='word_1_180' title='bbox 473 2019 500 2067; x_wconf 92' lang='lat' dir='ltr'><strong>a.</strong></span> <span class='ocrx_word' id='word_1_181' title='bbox 524 2001 724 2083; x_wconf 87' lang='lat' dir='ltr'><strong>Praepositio</strong></span> <span class='ocrx_word' id='word_1_182' title='bbox 734 2021 812 2078; x_wconf 79' lang='lat' dir='ltr'><strong>proc</strong></span> <span class='ocrx_word' id='word_1_183' title='bbox 832 2019 907 2065; x_wconf 89' lang='lat' dir='ltr'><strong>vere</strong></span> <span class='ocrx_word' id='word_1_184' title='bbox 925 2001 1094 2066; x_wconf 89' lang='lat' dir='ltr'><strong>locativam</strong></span> <span class='ocrx_word' id='word_1_185' title='bbox 1110 1998 1210 2064; x_wconf 89' lang='lat' dir='ltr'><strong>habet</strong></span> <span class='ocrx_word' id='word_1_186' title='bbox 1231 1998 1328 2079; x_wconf 88' lang='lat' dir='ltr'><strong>signi·</strong></span> 
     </span>
     <span class='ocr_line' id='line_1_19' title="bbox 177 2097 1328 2180; baseline -0.007 -14"><span class='ocrx_word' id='word_1_187' title='bbox 177 2099 357 2166; x_wconf 90' lang='lat' dir='ltr'><strong>ficationem</strong></span> <span class='ocrx_word' id='word_1_188' title='bbox 380 2100 413 2163; x_wconf 95' lang='lat' dir='ltr'><strong>in</strong></span> <span class='ocrx_word' id='word_1_189' title='bbox 434 2099 483 2164; x_wconf 88' lang='lat' dir='ltr'><strong>his</strong></span> <span class='ocrx_word' id='word_1_190' title='bbox 506 2100 667 2180; x_wconf 84' lang='lat' dir='ltr'><strong>exemplis.</strong></span> <span class='ocrx_word' id='word_1_191' title='bbox 690 2099 793 2165; x_wconf 92' lang='lat' dir='ltr'><strong>Plaut.</strong></span> <span class='ocrx_word' id='word_1_192' title='bbox 817 2098 931 2164; x_wconf 91' lang='lat' dir='ltr'><strong>Bacch.</strong></span> <span class='ocrx_word' id='word_1_193' title='bbox 954 2097 1011 2177; x_wconf 95' lang='lat' dir='ltr'><strong>IV,</strong></span> <span class='ocrx_word' id='word_1_194' title='bbox 1035 2105 1064 2176; x_wconf 89' lang='lat'><strong>3,</strong></span> <span class='ocrx_word' id='word_1_195' title='bbox 1090 2103 1144 2162; x_wconf 91' lang='lat'><strong>10:</strong></span> <span class='ocrx_word' id='word_1_196' title='bbox 1168 2100 1226 2173; x_wconf 82' lang='lat' dir='ltr'><strong>Qui</strong></span> <span class='ocrx_word' id='word_1_197' title='bbox 1246 2101 1328 2174; x_wconf 88' lang='lat' dir='ltr'><strong>patri</strong></span> 
     </span>
     <span class='ocr_line' id='line_1_20' title="bbox 174 2193 1327 2277; baseline -0.003 -15"><span class='ocrx_word' id='word_1_198' title='bbox 174 2201 294 2262; x_wconf 88' lang='lat' dir='ltr'><strong>reddidi</strong></span> <span class='ocrx_word' id='word_1_199' title='bbox 320 2201 397 2276; x_wconf 88' lang='lat' dir='ltr'><strong>quod</strong></span> <span class='ocrx_word' id='word_1_200' title='bbox 428 2200 484 2260; x_wconf 88' lang='lat' dir='ltr'><strong>fuit</strong></span> <span class='ocrx_word' id='word_1_201' title='bbox 506 2218 578 2275; x_wconf 88' lang='lat' dir='ltr'><strong>prae</strong></span> <span class='ocrx_word' id='word_1_202' title='bbox 602 2193 702 2261; x_wconf 77' lang='lat' dir='ltr'><strong>manu.¹</strong></span> <span class='ocrx_word' id='word_1_203' title='bbox 745 2197 871 2262; x_wconf 82' lang='lat' dir='ltr'><strong>Terent.</strong></span> <span class='ocrx_word' id='word_1_204' title='bbox 896 2195 1029 2277; x_wconf 85' lang='lat' dir='ltr'><strong>Adelph.</strong></span> <span class='ocrx_word' id='word_1_205' title='bbox 1051 2194 1088 2272; x_wconf 94' lang='lat' dir='ltr'><strong>V,</strong></span> <span class='ocrx_word' id='word_1_206' title='bbox 1113 2201 1142 2274; x_wconf 87' lang='lat'><strong>9,</strong></span> <span class='ocrx_word' id='word_1_207' title='bbox 1166 2201 1222 2260; x_wconf 87' lang='lat'><strong>23:</strong></span> <span class='ocrx_word' id='word_1_208' title='bbox 1258 2199 1327 2258; x_wconf 90' lang='lat' dir='ltr'><strong>huic</strong></span> 
     </span>
     <span class='ocr_line' id='line_1_21' title="bbox 173 2289 1327 2374; baseline -0.003 -14"><span class='ocrx_word' id='word_1_209' title='bbox 173 2300 285 2374; x_wconf 86' lang='lat' dir='ltr'><strong>aliquid</strong></span> <span class='ocrx_word' id='word_1_210' title='bbox 301 2300 420 2373; x_wconf 91' lang='lat' dir='ltr'><strong>paulum</strong></span> <span class='ocrx_word' id='word_1_211' title='bbox 437 2316 509 2374; x_wconf 92' lang='lat' dir='ltr'><strong>prae</strong></span> <span class='ocrx_word' id='word_1_212' title='bbox 521 2317 610 2359; x_wconf 92' lang='lat' dir='ltr'><strong>manu</strong></span> <span class='ocrx_word' id='word_1_213' title='bbox 632 2299 770 2370; x_wconf 90' lang='lat' dir='ltr'><strong>Dederis,</strong></span> <span class='ocrx_word' id='word_1_214' title='bbox 794 2299 872 2358; x_wconf 92' lang='lat' dir='ltr'><strong>unde</strong></span> <span class='ocrx_word' id='word_1_215' title='bbox 895 2304 1005 2356; x_wconf 89' lang='lat' dir='ltr'><strong>utatur.</strong></span> <span class='ocrx_word' id='word_1_216' title='bbox 1021 2327 1064 2336; x_wconf 89' lang='lat'>—</span> <span class='ocrx_word' id='word_1_217' title='bbox 1079 2294 1108 2358; x_wconf 93' lang='lat' dir='ltr'><strong>h.</strong></span> <span class='ocrx_word' id='word_1_218' title='bbox 1133 2289 1327 2373; x_wconf 80' lang='lat' dir='ltr'><strong>Significatio</strong></span> 
     </span>
     <span class='ocr_line' id='line_1_22' title="bbox 176 2389 1328 2475; baseline -0.003 -17"><span class='ocrx_word' id='word_1_219' title='bbox 176 2395 240 2458; x_wconf 94' lang='lat' dir='ltr'><strong>loci</strong></span> <span class='ocrx_word' id='word_1_220' title='bbox 255 2393 447 2458; x_wconf 86' lang='lat' dir='ltr'><strong>transfertur</strong></span> <span class='ocrx_word' id='word_1_221' title='bbox 467 2394 507 2458; x_wconf 89' lang='lat' dir='ltr'><strong>ad</strong></span> <span class='ocrx_word' id='word_1_222' title='bbox 523 2392 785 2475; x_wconf 85' lang='lat' dir='ltr'><strong>significationem</strong></span> <span class='ocrx_word' id='word_1_223' title='bbox 801 2392 1017 2472; x_wconf 84' lang='lat' dir='ltr'><strong>praestantiae</strong></span> <span class='ocrx_word' id='word_1_224' title='bbox 1039 2391 1106 2455; x_wconf 90' lang='lat' dir='ltr'><strong>sive</strong></span> <span class='ocrx_word' id='word_1_225' title='bbox 1123 2389 1328 2454; x_wconf 83' lang='lat' dir='ltr'><strong>excellentiae</strong></span> 
     </span>
     <span class='ocr_line' id='line_1_23' title="bbox 178 2488 1326 2571; baseline -0.004 -16"><span class='ocrx_word' id='word_1_226' title='bbox 178 2491 226 2555; x_wconf 88' lang='lat' dir='ltr'><strong>rei</strong></span> <span class='ocrx_word' id='word_1_227' title='bbox 245 2491 409 2554; x_wconf 90' lang='lat' dir='ltr'><strong>cuiusdam</strong></span> <span class='ocrx_word' id='word_1_228' title='bbox 430 2509 508 2571; x_wconf 91' lang='lat' dir='ltr'><strong>prae</strong></span> <span class='ocrx_word' id='word_1_229' title='bbox 530 2491 641 2558; x_wconf 90' lang='lat' dir='ltr'><strong>altera.</strong></span> <span class='ocrx_word' id='word_1_230' title='bbox 685 2490 790 2555; x_wconf 89' lang='lat' dir='ltr'><strong>Plaut.</strong></span> <span class='ocrx_word' id='word_1_231' title='bbox 813 2489 904 2570; x_wconf 91' lang='lat' dir='ltr'><strong>Epid.</strong></span> <span class='ocrx_word' id='word_1_232' title='bbox 928 2488 988 2568; x_wconf 92' lang='grc' dir='ltr'>ΙΙΙ,</span> <span class='ocrx_word' id='word_1_233' title='bbox 1011 2493 1041 2568; x_wconf 93' lang='grc'><strong>4,</strong></span> <span class='ocrx_word' id='word_1_234' title='bbox 1065 2492 1122 2554; x_wconf 86' lang='lat'><strong>85:</strong></span> <span class='ocrx_word' id='word_1_235' title='bbox 1154 2493 1253 2566; x_wconf 85' lang='lat' dir='ltr'><strong>Atque</strong></span> <span class='ocrx_word' id='word_1_236' title='bbox 1281 2506 1326 2550; x_wconf 87' lang='lat' dir='ltr'><strong>me</strong></span> 
     </span>
     <span class='ocr_line' id='line_1_24' title="bbox 174 2584 1327 2667; baseline 0 -17"><span class='ocrx_word' id='word_1_237' title='bbox 174 2592 298 2651; x_wconf 90' lang='lat' dir='ltr'><strong>minoris</strong></span> <span class='ocrx_word' id='word_1_238' title='bbox 322 2590 401 2651; x_wconf 84' lang='lat' dir='ltr'><strong>facio</strong></span> <span class='ocrx_word' id='word_1_239' title='bbox 419 2608 496 2664; x_wconf 83' lang='lat' dir='ltr'><strong>prae</strong></span> <span class='ocrx_word' id='word_1_240' title='bbox 517 2591 579 2664; x_wconf 77' lang='lat' dir='ltr'><strong>illo,</strong></span> <span class='ocrx_word' id='word_1_241' title='bbox 600 2587 630 2651; x_wconf 90' lang='lat' dir='ltr'><strong>h.</strong></span> <span class='ocrx_word' id='word_1_242' title='bbox 655 2607 682 2654; x_wconf 91' lang='lat' dir='ltr'><strong>e.</strong></span> <span class='ocrx_word' id='word_1_243' title='bbox 705 2588 732 2654; x_wconf 86' lang='lat' dir='ltr'><strong>si</strong></span> <span class='ocrx_word' id='word_1_244' title='bbox 755 2605 824 2652; x_wconf 90' lang='lat' dir='ltr'><strong>cum</strong></span> <span class='ocrx_word' id='word_1_245' title='bbox 852 2587 908 2652; x_wconf 89' lang='lat' dir='ltr'><strong>illo</strong></span> <span class='ocrx_word' id='word_1_246' title='bbox 938 2605 989 2650; x_wconf 91' lang='lat' dir='ltr'><strong>me</strong></span> <span class='ocrx_word' id='word_1_247' title='bbox 1011 2603 1168 2667; x_wconf 82' lang='lat' dir='ltr'><strong>comparo.</strong></span> <span class='ocrx_word' id='word_1_248' title='bbox 1213 2584 1327 2666; x_wconf 90' lang='lat' dir='ltr'><strong>Amph.</strong></span> 
     </span>
     <span class='ocr_line' id='line_1_25' title="bbox 176 2677 1327 2765; baseline -0.007 -13"><span class='ocrx_word' id='word_1_249' title='bbox 176 2686 202 2763; x_wconf 84' lang='lat' dir='ltr'><strong>I,</strong></span> <span class='ocrx_word' id='word_1_250' title='bbox 228 2690 256 2765; x_wconf 90' lang='grc'><strong>3,</strong></span> <span class='ocrx_word' id='word_1_251' title='bbox 281 2691 339 2751; x_wconf 83' lang='grc' dir='ltr'><strong>3οε</strong></span> <span class='ocrx_word' id='word_1_252' title='bbox 383 2690 427 2748; x_wconf 91' lang='lat' dir='ltr'><strong>Ne</strong></span> <span class='ocrx_word' id='word_1_253' title='bbox 458 2705 504 2748; x_wconf 96' lang='lat' dir='ltr'><strong>me</strong></span> <span class='ocrx_word' id='word_1_254' title='bbox 534 2707 655 2748; x_wconf 84' lang='lat' dir='ltr'><strong>uxorem</strong></span> <span class='ocrx_word' id='word_1_255' title='bbox 682 2689 882 2763; x_wconf 86' lang='lat' dir='ltr'><strong>praevertisse</strong></span> <span class='ocrx_word' id='word_1_256' title='bbox 911 2677 1012 2748; x_wconf 88' lang='lat' dir='ltr'><strong>dicant</strong></span> <span class='ocrx_word' id='word_1_257' title='bbox 1038 2705 1112 2761; x_wconf 91' lang='lat' dir='ltr'><strong>prae</strong></span> <span class='ocrx_word' id='word_1_258' title='bbox 1141 2703 1175 2746; x_wconf 93' lang='lat' dir='ltr'><strong>re</strong></span> <span class='ocrx_word' id='word_1_259' title='bbox 1197 2687 1327 2762; x_wconf 89' lang='lat' dir='ltr'><strong>puplica.</strong></span> 
     </span>
     <span class='ocr_line' id='line_1_26' title="bbox 179 2784 1328 2864; baseline -0.007 -15"><span class='ocrx_word' id='word_1_260' title='bbox 179 2785 252 2850; x_wconf 90' lang='lat' dir='ltr'><strong>Aul.</strong></span> <span class='ocrx_word' id='word_1_261' title='bbox 269 2784 329 2864; x_wconf 95' lang='grc' dir='ltr'>ΙΙΙ,</span> <span class='ocrx_word' id='word_1_262' title='bbox 345 2789 374 2864; x_wconf 87' lang='grc'>6,</span> <span class='ocrx_word' id='word_1_263' title='bbox 391 2789 426 2848; x_wconf 84' lang='lat'><strong>5:</strong></span> <span class='ocrx_word' id='word_1_264' title='bbox 450 2787 526 2846; x_wconf 89' lang='lat' dir='ltr'><strong>Prae</strong></span> <span class='ocrx_word' id='word_1_265' title='bbox 549 2803 582 2846; x_wconf 89' lang='lat' dir='ltr'><strong>ra</strong></span> <span class='ocrx_word' id='word_1_266' title='bbox 605 2788 732 2848; x_wconf 90' lang='lat' dir='ltr'><strong>nitorem</strong></span> <span class='ocrx_word' id='word_1_267' title='bbox 748 2791 778 2846; x_wconf 90' lang='lat' dir='ltr'><strong>et</strong></span> <span class='ocrx_word' id='word_1_268' title='bbox 789 2787 914 2861; x_wconf 84' lang='lat' dir='ltr'><strong>gloriam</strong></span> <span class='ocrx_word' id='word_1_269' title='bbox 935 2802 1008 2859; x_wconf 90' lang='lat' dir='ltr'><strong>prae</strong></span> <span class='ocrx_word' id='word_1_270' title='bbox 1032 2786 1119 2860; x_wconf 88' lang='lat' dir='ltr'><strong>copia</strong></span> <span class='ocrx_word' id='word_1_271' title='bbox 1135 2784 1192 2858; x_wconf 80' lang='lat' dir='ltr'><strong>Qui</strong></span> <span class='ocrx_word' id='word_1_272' title='bbox 1207 2784 1328 2858; x_wconf 90' lang='lat' dir='ltr'><strong>habeut,</strong></span> 
     </span>
     <span class='ocr_line' id='line_1_27' title="bbox 80 2875 1330 2964; baseline -0.006 -15"><span class='ocrx_word' id='word_1_273' title='bbox 80 2909 82 2912; x_wconf 95' lang='lat'>·</span> <span class='ocrx_word' id='word_1_274' title='bbox 178 2883 263 2964; x_wconf 83' lang='lat' dir='ltr'><strong>vulg.</strong></span> <span class='ocrx_word' id='word_1_275' title='bbox 280 2902 357 2960; x_wconf 77' lang='lat' dir='ltr'><strong>pro,</strong></span> <span class='ocrx_word' id='word_1_276' title='bbox 386 2882 471 2961; x_wconf 89' lang='lat' dir='ltr'><strong>quod</strong></span> <span class='ocrx_word' id='word_1_277' title='bbox 494 2882 678 2947; x_wconf 83' lang='lat' dir='ltr'><strong>emendavit</strong></span> <span class='ocrx_word' id='word_1_278' title='bbox 705 2881 871 2964; x_wconf 86' lang='lat' dir='ltr'><strong>Scioppius</strong></span> <span class='ocrx_word' id='word_1_279' title='bbox 894 2897 1029 2960; x_wconf 90' lang='lat' dir='ltr'><strong>eumque</strong></span> <span class='ocrx_word' id='word_1_280' title='bbox 1051 2884 1179 2946; x_wconf 88' lang='lat' dir='ltr'><strong>secutus</strong></span> <span class='ocrx_word' id='word_1_281' title='bbox 1202 2875 1330 2942; x_wconf 85' lang='lat' dir='ltr'><strong>Goelle-</strong></span> 
     </span>
     <span class='ocr_line' id='line_1_28' title="bbox 177 2978 1327 3059; baseline -0.006 -15"><span class='ocrx_word' id='word_1_282' title='bbox 177 2999 242 3046; x_wconf 86' lang='lat' dir='ltr'><strong>rus.</strong></span> <span class='ocrx_word' id='word_1_283' title='bbox 265 2980 332 3044; x_wconf 89' lang='lat' dir='ltr'><strong>Mil.</strong></span> <span class='ocrx_word' id='word_1_284' title='bbox 356 2979 410 3056; x_wconf 86' lang='lat' dir='ltr'><strong>IV,</strong></span> <span class='ocrx_word' id='word_1_285' title='bbox 433 2985 464 3059; x_wconf 82' lang='lat'><strong>4,</strong></span> <span class='ocrx_word' id='word_1_286' title='bbox 479 2984 514 3044; x_wconf 82' lang='lat'><strong>4:</strong></span> <span class='ocrx_word' id='word_1_287' title='bbox 545 2984 621 3057; x_wconf 83' lang='lat' dir='ltr'><strong>Quia</strong></span> <span class='ocrx_word' id='word_1_288' title='bbox 643 2984 721 3043; x_wconf 90' lang='lat' dir='ltr'><strong>enim</strong></span> <span class='ocrx_word' id='word_1_289' title='bbox 743 3001 802 3043; x_wconf 91' lang='lat' dir='ltr'><strong>non</strong></span> <span class='ocrx_word' id='word_1_290' title='bbox 826 2999 889 3042; x_wconf 91' lang='lat' dir='ltr'><strong>sum</strong></span> <span class='ocrx_word' id='word_1_291' title='bbox 909 2983 1014 3058; x_wconf 91' lang='lat' dir='ltr'><strong>dignus</strong></span> <span class='ocrx_word' id='word_1_292' title='bbox 1030 2997 1108 3054; x_wconf 81' lang='lat' dir='ltr'><strong>proc</strong></span> <span class='ocrx_word' id='word_1_293' title='bbox 1130 2984 1165 3048; x_wconf 86' lang='lat' dir='ltr'><strong>te,</strong></span> <span class='ocrx_word' id='word_1_294' title='bbox 1186 2985 1220 3039; x_wconf 91' lang='lat' dir='ltr'><strong>ut</strong></span> <span class='ocrx_word' id='word_1_295' title='bbox 1241 2978 1327 3054; x_wconf 84' lang='lat' dir='ltr'><strong>figam</strong></span> 
     </span>
     <span class='ocr_line' id='line_1_29' title="bbox 175 3074 1327 3156; baseline -0.003 -16"><span class='ocrx_word' id='word_1_296' title='bbox 175 3083 277 3156; x_wconf 83' lang='lat' dir='ltr'><strong>palum</strong></span> <span class='ocrx_word' id='word_1_297' title='bbox 300 3082 330 3140; x_wconf 86' lang='lat' dir='ltr'><strong>in</strong></span> <span class='ocrx_word' id='word_1_298' title='bbox 353 3081 509 3155; x_wconf 87' lang='lat' dir='ltr'><strong>parietem,</strong></span> <span class='ocrx_word' id='word_1_299' title='bbox 532 3076 563 3143; x_wconf 93' lang='lat' dir='ltr'><strong>h.</strong></span> <span class='ocrx_word' id='word_1_300' title='bbox 588 3096 614 3142; x_wconf 91' lang='lat' dir='ltr'><strong>e.</strong></span> <span class='ocrx_word' id='word_1_301' title='bbox 637 3078 665 3142; x_wconf 89' lang='lat' dir='ltr'><strong>si</strong></span> <span class='ocrx_word' id='word_1_302' title='bbox 686 3082 792 3144; x_wconf 91' lang='lat' dir='ltr'><strong>tecum</strong></span> <span class='ocrx_word' id='word_1_303' title='bbox 814 3096 865 3142; x_wconf 91' lang='lat' dir='ltr'><strong>me</strong></span> <span class='ocrx_word' id='word_1_304' title='bbox 888 3093 1045 3156; x_wconf 88' lang='lat' dir='ltr'><strong>comparo.</strong></span> <span class='ocrx_word' id='word_1_305' title='bbox 1068 3075 1152 3141; x_wconf 91' lang='lat' dir='ltr'><strong>Men.</strong></span> <span class='ocrx_word' id='word_1_306' title='bbox 1176 3074 1202 3150; x_wconf 90' lang='grc' dir='ltr'>Ι,</span> <span class='ocrx_word' id='word_1_307' title='bbox 1224 3079 1253 3154; x_wconf 84' lang='grc'>2,</span> <span class='ocrx_word' id='word_1_308' title='bbox 1272 3077 1327 3137; x_wconf 81' lang='lat'><strong>67:</strong></span> 
     </span>
     <span class='ocr_line' id='line_1_30' title="bbox 175 3171 1329 3253; baseline -0.003 -13"><span class='ocrx_word' id='word_1_309' title='bbox 175 3177 269 3240; x_wconf 86' lang='lat' dir='ltr'><strong>Satin&#39;</strong></span> <span class='ocrx_word' id='word_1_310' title='bbox 293 3184 327 3239; x_wconf 90' lang='lat' dir='ltr'><strong>ut</strong></span> <span class='ocrx_word' id='word_1_311' title='bbox 349 3185 540 3240; x_wconf 81' lang='lat' dir='ltr'><strong>occaecatust</strong></span> <span class='ocrx_word' id='word_1_312' title='bbox 560 3196 638 3253; x_wconf 84' lang='lat' dir='ltr'><strong>prae</strong></span> <span class='ocrx_word' id='word_1_313' title='bbox 659 3179 746 3239; x_wconf 88' lang='lat' dir='ltr'><strong>huius</strong></span> <span class='ocrx_word' id='word_1_314' title='bbox 777 3179 911 3253; x_wconf 92' lang='lat' dir='ltr'><strong>corporis</strong></span> <span class='ocrx_word' id='word_1_315' title='bbox 940 3175 1139 3238; x_wconf 77' lang='lat' dir='ltr'><strong>candoribus?</strong></span> <span class='ocrx_word' id='word_1_316' title='bbox 1181 3171 1276 3238; x_wconf 83' lang='lat' dir='ltr'><strong>Most.</strong></span> <span class='ocrx_word' id='word_1_317' title='bbox 1299 3189 1329 3236; x_wconf 82' lang='lat' dir='ltr'><strong>v.</strong></span> 
     </span>
     <span class='ocr_line' id='line_1_31' title="bbox 175 3274 1328 3352; baseline -0.006 -12"><span class='ocrx_word' id='word_1_318' title='bbox 175 3278 252 3340; x_wconf 80' lang='lat'>245:</span> <span class='ocrx_word' id='word_1_319' title='bbox 298 3277 395 3336; x_wconf 85' lang='lat' dir='ltr'><strong>Video</strong></span> <span class='ocrx_word' id='word_1_320' title='bbox 423 3283 453 3336; x_wconf 91' lang='lat' dir='ltr'><strong>te</strong></span> <span class='ocrx_word' id='word_1_321' title='bbox 482 3278 569 3336; x_wconf 91' lang='lat' dir='ltr'><strong>nihili</strong></span> <span class='ocrx_word' id='word_1_322' title='bbox 601 3277 732 3352; x_wconf 87' lang='lat' dir='ltr'><strong>pendere</strong></span> <span class='ocrx_word' id='word_1_323' title='bbox 760 3292 837 3349; x_wconf 80' lang='lat' dir='ltr'><strong>prae</strong></span> <span class='ocrx_word' id='word_1_324' title='bbox 865 3275 1036 3335; x_wconf 76' lang='lat' dir='ltr'><strong>Philolache</strong></span> <span class='ocrx_word' id='word_1_325' title='bbox 1062 3276 1157 3334; x_wconf 91' lang='lat' dir='ltr'><strong>omnis</strong></span> <span class='ocrx_word' id='word_1_326' title='bbox 1185 3274 1328 3334; x_wconf 90' lang='lat' dir='ltr'><strong>homines.</strong></span> 
     </span>
     <span class='ocr_line' id='line_1_32' title="bbox 177 3367 1330 3452; baseline -0.005 -15"><span class='ocrx_word' id='word_1_327' title='bbox 177 3372 305 3438; x_wconf 86' lang='lat' dir='ltr'><strong>Terent.</strong></span> <span class='ocrx_word' id='word_1_328' title='bbox 324 3373 406 3437; x_wconf 87' lang='lat' dir='ltr'><strong>Eun.</strong></span> <span class='ocrx_word' id='word_1_329' title='bbox 422 3371 464 3451; x_wconf 92' lang='grc' dir='ltr'>Π,</span> <span class='ocrx_word' id='word_1_330' title='bbox 481 3377 510 3452; x_wconf 94' lang='grc'>2,</span> <span class='ocrx_word' id='word_1_331' title='bbox 522 3377 557 3437; x_wconf 82' lang='lat'><strong>8:</strong></span> <span class='ocrx_word' id='word_1_332' title='bbox 579 3377 637 3435; x_wconf 90' lang='lat' dir='ltr'><strong>Hic</strong></span> <span class='ocrx_word' id='word_1_333' title='bbox 660 3392 714 3450; x_wconf 89' lang='lat' dir='ltr'><strong>ego</strong></span> <span class='ocrx_word' id='word_1_334' title='bbox 736 3376 818 3435; x_wconf 92' lang='lat' dir='ltr'><strong>illum</strong></span> <span class='ocrx_word' id='word_1_335' title='bbox 835 3375 1000 3449; x_wconf 89' lang='lat' dir='ltr'><strong>contempsi</strong></span> <span class='ocrx_word' id='word_1_336' title='bbox 1014 3390 1086 3448; x_wconf 90' lang='lat' dir='ltr'><strong>prae</strong></span> <span class='ocrx_word' id='word_1_337' title='bbox 1102 3390 1158 3433; x_wconf 93' lang='lat' dir='ltr'><strong>me.</strong></span> <span class='ocrx_word' id='word_1_338' title='bbox 1174 3401 1217 3413; x_wconf 96' lang='lat'><em>-</em></span> <span class='ocrx_word' id='word_1_339' title='bbox 1232 3388 1257 3434; x_wconf 90' lang='lat' dir='ltr'><strong>c.</strong></span> <span class='ocrx_word' id='word_1_340' title='bbox 1281 3367 1330 3432; x_wconf 88' lang='lat' dir='ltr'><strong>Si·</strong></span> 
     </span>
     <span class='ocr_line' id='line_1_33' title="bbox 177 3465 1329 3552; baseline -0.003 -20"><span class='ocrx_word' id='word_1_341' title='bbox 177 3465 337 3552; x_wconf 86' lang='lat' dir='ltr'><strong>gnificatio</strong></span> <span class='ocrx_word' id='word_1_342' title='bbox 366 3469 428 3535; x_wconf 93' lang='lat' dir='ltr'><strong>loci</strong></span> <span class='ocrx_word' id='word_1_343' title='bbox 450 3488 485 3535; x_wconf 88' lang='lat' dir='ltr'><strong>se</strong></span> <span class='ocrx_word' id='word_1_344' title='bbox 507 3471 665 3536; x_wconf 90' lang='lat' dir='ltr'><strong>convertit</strong></span> <span class='ocrx_word' id='word_1_345' title='bbox 686 3470 720 3536; x_wconf 91' lang='lat' dir='ltr'><strong>in</strong></span> <span class='ocrx_word' id='word_1_346' title='bbox 743 3469 918 3549; x_wconf 91' lang='lat' dir='ltr'><strong>causalem,</strong></span> <span class='ocrx_word' id='word_1_347' title='bbox 942 3472 977 3533; x_wconf 89' lang='lat' dir='ltr'><strong>ut</strong></span> <span class='ocrx_word' id='word_1_348' title='bbox 999 3469 1082 3534; x_wconf 90' lang='lat' dir='ltr'><strong>idem</strong></span> <span class='ocrx_word' id='word_1_349' title='bbox 1104 3468 1147 3532; x_wconf 89' lang='lat' dir='ltr'><strong>sit</strong></span> <span class='ocrx_word' id='word_1_350' title='bbox 1162 3467 1247 3546; x_wconf 89' lang='lat' dir='ltr'><strong>quod</strong></span> <span class='ocrx_word' id='word_1_351' title='bbox 1256 3487 1329 3543; x_wconf 80' lang='lat' dir='ltr'><strong>pro-</strong></span> 
     </span>
     <span class='ocr_line' id='line_1_34' title="bbox 170 3563 1329 3648; baseline -0.001 -17"><span class='ocrx_word' id='word_1_352' title='bbox 170 3575 255 3648; x_wconf 80' lang='lat' dir='ltr'><strong>pter,</strong></span> <span class='ocrx_word' id='word_1_353' title='bbox 293 3572 358 3632; x_wconf 88' lang='lat' dir='ltr'><strong>tarn</strong></span> <span class='ocrx_word' id='word_1_354' title='bbox 387 3568 421 3632; x_wconf 91' lang='lat' dir='ltr'><strong>in</strong></span> <span class='ocrx_word' id='word_1_355' title='bbox 447 3565 644 3633; x_wconf 84' lang='lat' dir='ltr'><strong>affirmativis</strong></span> <span class='ocrx_word' id='word_1_356' title='bbox 672 3585 766 3648; x_wconf 89' lang='lat' dir='ltr'><strong>quam</strong></span> <span class='ocrx_word' id='word_1_357' title='bbox 802 3568 836 3632; x_wconf 91' lang='lat' dir='ltr'><strong>in</strong></span> <span class='ocrx_word' id='word_1_358' title='bbox 864 3565 1021 3648; x_wconf 81' lang='lat' dir='ltr'><strong>negativis</strong></span> <span class='ocrx_word' id='word_1_359' title='bbox 1041 3565 1216 3632; x_wconf 86' lang='lat' dir='ltr'><strong>sententiis.</strong></span> <span class='ocrx_word' id='word_1_360' title='bbox 1260 3563 1329 3630; x_wconf 91' lang='lat' dir='ltr'><strong>Liv.</strong></span> 
     </span>
     <span class='ocr_line' id='line_1_35' title="bbox 176 3664 1330 3748; baseline -0.003 -18"><span class='ocrx_word' id='word_1_361' title='bbox 176 3665 379 3732; x_wconf 85' lang='lat' dir='ltr'><strong>Andronicus</strong></span> <span class='ocrx_word' id='word_1_362' title='bbox 406 3665 439 3730; x_wconf 91' lang='lat' dir='ltr'><strong>in</strong></span> <span class='ocrx_word' id='word_1_363' title='bbox 462 3664 604 3748; x_wconf 87' lang='lat' dir='ltr'><strong>Odyssea</strong></span> <span class='ocrx_word' id='word_1_364' title='bbox 629 3665 684 3732; x_wconf 88' lang='lat' dir='ltr'><strong>lat.</strong></span> <span class='ocrx_word' id='word_1_365' title='bbox 710 3685 759 3748; x_wconf 91' lang='lat' dir='ltr'><strong>ap.</strong></span> <span class='ocrx_word' id='word_1_366' title='bbox 782 3666 902 3747; x_wconf 83' lang='lat' dir='ltr'><strong>Egger.</strong></span> <span class='ocrx_word' id='word_1_367' title='bbox 928 3683 959 3746; x_wconf 91' lang='lat' dir='ltr'><strong>p.</strong></span> <span class='ocrx_word' id='word_1_368' title='bbox 986 3668 1060 3728; x_wconf 86' lang='lat'>119:</span> <span class='ocrx_word' id='word_1_369' title='bbox 1095 3667 1191 3742; x_wconf 81' lang='lat' dir='ltr'><strong>Igitur</strong></span> <span class='ocrx_word' id='word_1_370' title='bbox 1214 3665 1330 3726; x_wconf 87' lang='lat' dir='ltr'><strong>demum</strong></span> 
     </span>
     <span class='ocr_line' id='line_1_36' title="bbox 178 3761 1329 3842; baseline -0.003 -16"><span class='ocrx_word' id='word_1_371' title='bbox 178 3765 261 3826; x_wconf 84' lang='lat' dir='ltr'><strong>Ulixi</strong></span> <span class='ocrx_word' id='word_1_372' title='bbox 284 3784 336 3828; x_wconf 89' lang='lat' dir='ltr'><strong>cor</strong></span> <span class='ocrx_word' id='word_1_373' title='bbox 359 3765 442 3826; x_wconf 80' lang='lat' dir='ltr'><strong>frixit</strong></span> <span class='ocrx_word' id='word_1_374' title='bbox 470 3784 544 3842; x_wconf 90' lang='lat' dir='ltr'><strong>prae</strong></span> <span class='ocrx_word' id='word_1_375' title='bbox 566 3784 686 3842; x_wconf 91' lang='lat' dir='ltr'><strong>pavore.</strong></span> <span class='ocrx_word' id='word_1_376' title='bbox 730 3764 833 3829; x_wconf 90' lang='lat' dir='ltr'><strong>Plaut.</strong></span> <span class='ocrx_word' id='word_1_377' title='bbox 858 3761 955 3830; x_wconf 85' lang='lat' dir='ltr'><strong>Stich.</strong></span> <span class='ocrx_word' id='word_1_378' title='bbox 978 3761 1003 3841; x_wconf 94' lang='lat' dir='ltr'><strong>I,</strong></span> <span class='ocrx_word' id='word_1_379' title='bbox 1027 3767 1056 3842; x_wconf 91' lang='lat'><strong>3,</strong></span> <span class='ocrx_word' id='word_1_380' title='bbox 1080 3766 1134 3827; x_wconf 85' lang='lat'><strong>62:</strong></span> <span class='ocrx_word' id='word_1_381' title='bbox 1151 3766 1227 3824; x_wconf 86' lang='lat' dir='ltr'><strong>Prae</strong></span> <span class='ocrx_word' id='word_1_382' title='bbox 1249 3781 1329 3824; x_wconf 90' lang='lat' dir='ltr'><strong>mae·</strong></span> 
     </span>
     <span class='ocr_line' id='line_1_37' title="bbox 179 3860 1331 3940; baseline -0.001 -18"><span class='ocrx_word' id='word_1_383' title='bbox 179 3878 249 3924; x_wconf 89' lang='lat' dir='ltr'><strong>rore</strong></span> <span class='ocrx_word' id='word_1_384' title='bbox 273 3865 349 3926; x_wconf 87' lang='lat' dir='ltr'><strong>adeo</strong></span> <span class='ocrx_word' id='word_1_385' title='bbox 371 3867 462 3926; x_wconf 90' lang='lat' dir='ltr'><strong>miser</strong></span> <span class='ocrx_word' id='word_1_386' title='bbox 485 3873 573 3940; x_wconf 85' lang='lat' dir='ltr'><strong>atque</strong></span> <span class='ocrx_word' id='word_1_387' title='bbox 595 3865 779 3939; x_wconf 87' lang='lat' dir='ltr'><strong>aegritudine</strong></span> <span class='ocrx_word' id='word_1_388' title='bbox 803 3864 959 3926; x_wconf 82' lang='lat' dir='ltr'><strong>Consenui.</strong></span> <span class='ocrx_word' id='word_1_389' title='bbox 1005 3860 1102 3928; x_wconf 89' lang='lat' dir='ltr'><strong>Stich.</strong></span> <span class='ocrx_word' id='word_1_390' title='bbox 1126 3880 1154 3925; x_wconf 92' lang='lat' dir='ltr'><strong>v.</strong></span> <span class='ocrx_word' id='word_1_391' title='bbox 1180 3862 1263 3924; x_wconf 82' lang='lat'><strong>466:</strong></span> <span class='ocrx_word' id='word_1_392' title='bbox 1289 3862 1331 3922; x_wconf 91' lang='lat' dir='ltr'><strong>Ut</strong></span> 
     </span>
     <span class='ocr_line' id='line_1_38' title="bbox 176 3957 1330 4041; baseline -0.003 -19"><span class='ocrx_word' id='word_1_393' title='bbox 176 3977 252 4034; x_wconf 87' lang='lat' dir='ltr'><strong>prae</strong></span> <span class='ocrx_word' id='word_1_394' title='bbox 275 3963 393 4024; x_wconf 90' lang='lat' dir='ltr'><strong>laetitia</strong></span> <span class='ocrx_word' id='word_1_395' title='bbox 414 3964 564 4024; x_wconf 88' lang='lat' dir='ltr'><strong>lacrumae</strong></span> <span class='ocrx_word' id='word_1_396' title='bbox 587 3964 756 4038; x_wconf 90' lang='lat' dir='ltr'><strong>prosuliunt</strong></span> <span class='ocrx_word' id='word_1_397' title='bbox 778 3962 860 4024; x_wconf 91' lang='lat' dir='ltr'><strong>mihi.</strong></span> <span class='ocrx_word' id='word_1_398' title='bbox 904 3957 1018 4041; x_wconf 93' lang='lat' dir='ltr'><strong>Amph.</strong></span> <span class='ocrx_word' id='word_1_399' title='bbox 1040 3957 1067 4035; x_wconf 88' lang='grc' dir='ltr'>Ι,</span> <span class='ocrx_word' id='word_1_400' title='bbox 1093 3962 1198 4035; x_wconf 79' lang='lat'>1,81:</span> <span class='ocrx_word' id='word_1_401' title='bbox 1225 3960 1330 4033; x_wconf 86' lang='lat' dir='ltr'><strong>Neque</strong></span> 
     </span>
     <span class='ocr_line' id='line_1_39' title="bbox 179 4052 1332 4135; baseline 0.001 -16"><span class='ocrx_word' id='word_1_402' title='bbox 179 4061 274 4120; x_wconf 88' lang='lat' dir='ltr'><strong>miser</strong></span> <span class='ocrx_word' id='word_1_403' title='bbox 296 4077 343 4120; x_wconf 90' lang='lat' dir='ltr'><strong>me</strong></span> <span class='ocrx_word' id='word_1_404' title='bbox 367 4077 542 4122; x_wconf 88' lang='lat' dir='ltr'><strong>conmovere</strong></span> <span class='ocrx_word' id='word_1_405' title='bbox 565 4077 685 4135; x_wconf 89' lang='lat' dir='ltr'><strong>possum</strong></span> <span class='ocrx_word' id='word_1_406' title='bbox 708 4077 782 4134; x_wconf 90' lang='lat' dir='ltr'><strong>prae</strong></span> <span class='ocrx_word' id='word_1_407' title='bbox 803 4059 971 4120; x_wconf 82' lang='lat' dir='ltr'><strong>formidine.</strong></span> <span class='ocrx_word' id='word_1_408' title='bbox 1016 4057 1143 4122; x_wconf 86' lang='lat' dir='ltr'><strong>Terent.</strong></span> <span class='ocrx_word' id='word_1_409' title='bbox 1165 4055 1247 4122; x_wconf 86' lang='lat' dir='ltr'><strong>Eun.</strong></span> <span class='ocrx_word' id='word_1_410' title='bbox 1259 4052 1285 4130; x_wconf 92' lang='grc' dir='ltr'>Ι,</span> <span class='ocrx_word' id='word_1_411' title='bbox 1301 4059 1332 4134; x_wconf 88' lang='lat'><strong>2,</strong></span> 
     </span>
     <span class='ocr_line' id='line_1_40' title="bbox 181 4154 1331 4236; baseline -0.005 -16"><span class='ocrx_word' id='word_1_412' title='bbox 181 4159 236 4220; x_wconf 82' lang='lat'><strong>18:</strong></span> <span class='ocrx_word' id='word_1_413' title='bbox 280 4159 358 4218; x_wconf 87' lang='lat' dir='ltr'><strong>Prae</strong></span> <span class='ocrx_word' id='word_1_414' title='bbox 382 4176 483 4220; x_wconf 88' lang='lat' dir='ltr'><strong>amore</strong></span> <span class='ocrx_word' id='word_1_415' title='bbox 507 4160 634 4219; x_wconf 87' lang='lat' dir='ltr'><strong>exclusti</strong></span> <span class='ocrx_word' id='word_1_416' title='bbox 660 4159 738 4218; x_wconf 91' lang='lat' dir='ltr'><strong>hunc</strong></span> <span class='ocrx_word' id='word_1_417' title='bbox 761 4159 852 4220; x_wconf 86' lang='lat' dir='ltr'><strong>foras.</strong></span> <span class='ocrx_word' id='word_1_418' title='bbox 896 4155 1014 4232; x_wconf 83' lang='lat' dir='ltr'><strong>Heaut.</strong></span> <span class='ocrx_word' id='word_1_419' title='bbox 1037 4154 1080 4231; x_wconf 88' lang='lat' dir='ltr'><strong>H,</strong></span> <span class='ocrx_word' id='word_1_420' title='bbox 1104 4159 1134 4236; x_wconf 85' lang='lat'><strong>3,</strong></span> <span class='ocrx_word' id='word_1_421' title='bbox 1158 4158 1211 4220; x_wconf 78' lang='lat'><strong>67:</strong></span> <span class='ocrx_word' id='word_1_422' title='bbox 1254 4155 1331 4214; x_wconf 88' lang='lat' dir='ltr'><strong>Prae</strong></span> 
     </span>
     <span class='ocr_line' id='line_1_41' title="bbox 174 4253 1331 4332; baseline -0.003 -16"><span class='ocrx_word' id='word_1_423' title='bbox 174 4255 304 4332; x_wconf 91' lang='lat' dir='ltr'><strong>gaudio,</strong></span> <span class='ocrx_word' id='word_1_424' title='bbox 327 4257 372 4315; x_wconf 89' lang='lat' dir='ltr'><strong>ita</strong></span> <span class='ocrx_word' id='word_1_425' title='bbox 392 4273 439 4316; x_wconf 89' lang='lat' dir='ltr'><strong>me</strong></span> <span class='ocrx_word' id='word_1_426' title='bbox 463 4257 493 4318; x_wconf 88' lang='lat' dir='ltr'><strong>di</strong></span> <span class='ocrx_word' id='word_1_427' title='bbox 516 4263 624 4331; x_wconf 90' lang='lat' dir='ltr'><strong>ament,</strong></span> <span class='ocrx_word' id='word_1_428' title='bbox 647 4255 697 4316; x_wconf 92' lang='lat' dir='ltr'><strong>ubi</strong></span> <span class='ocrx_word' id='word_1_429' title='bbox 720 4257 773 4316; x_wconf 91' lang='lat' dir='ltr'><strong>sim</strong></span> <span class='ocrx_word' id='word_1_430' title='bbox 797 4257 906 4318; x_wconf 90' lang='lat' dir='ltr'><strong>nescio.</strong></span> <span class='ocrx_word' id='word_1_431' title='bbox 930 4253 969 4331; x_wconf 88' lang='lat' dir='ltr'><strong>V,</strong></span> <span class='ocrx_word' id='word_1_432' title='bbox 983 4257 1010 4330; x_wconf 91' lang='lat'><strong>1,</strong></span> <span class='ocrx_word' id='word_1_433' title='bbox 1033 4259 1092 4318; x_wconf 83' lang='lat'><strong>47:</strong></span> <span class='ocrx_word' id='word_1_434' title='bbox 1115 4255 1191 4316; x_wconf 91' lang='lat' dir='ltr'><strong>Prae</strong></span> <span class='ocrx_word' id='word_1_435' title='bbox 1213 4253 1331 4314; x_wconf 75' lang='lat' dir='ltr'><strong>hacun·</strong></span> 
     </span>
    </p>
   </div>
   <div class='ocr_carea' id='block_1_3' title="bbox 0 0 1506 4764">
    <p class='ocr_par' dir='ltr' id='par_1_4' title="bbox 0 0 1506 4764">
     <span class='ocr_line' id='line_1_42' title="bbox 0 0 1506 4764; baseline 0 1"><span class='ocrx_word' id='word_1_436' title='bbox 0 0 1506 4764; x_wconf 95' lang='lat' dir='ltr'><strong> </strong></span> 
     </span>
    </p>
   </div>
  </div>
 </body>
</html>
