3064 4754
235 253 296 309 176
676 239 830 282 emanans.
851 240 915 281 GAI'.
931 239 972 280 III.

233 415 254 481 l.
278 413 371 495 VIII,
407 413 443 480 In.
473 421 506 480 7:
542 433 655 478 sumno
687 416 788 480 souitu
814 419 912 493 quatit
943 418 1052 493 ungule
1085 421 1206 476 terram.
1250 408 1384 476 Medae

233 513 335 579 equIs
370 511 408 576 In.
435 517 490 576 14:
526 515 648 576 Utinam
674 533 711 574 ne
740 533 876 591 umquam
906 517 995 576 Meda
1024 515 1143 575 Colchis
1172 511 1276 585 cupido
1297 511 1385 572 corcis

213 611 340 690 'podem
363 613 534 673 extulisses!
556 609 651 674 Ennii
673 609 857 691 epigramm.
895 617 920 689 l,
943 629 972 675 v.
996 616 1030 675 3:
1058 613 1152 672 Nemo
1174 627 1220 670 mc
1242 611 1384 670 lacrumis

236 714 358 772 decoret
381 727 436 770 noe
459 709 565 772 lunare
585 713 656 782 dcte
677 711 773 772 Ferit.
818 708 923 774 Plaut.
947 707 1017 772 Cas.
1046 707 1084 786 V,
1107 712 1136 785 4,
1161 711 1196 770 5:
1235 707 1314 768 unde
1337 723 1385 766 or-

233 813 308 870 αααι
334 809 387 868 boo
408 807 552 869 advenis?
589 805 704 871 Bacch.
734 805 760 886 I,
783 811 812 886 2,
837 811 872 870 2:
901 811 1078 884 Inspectans
1109 824 1181 883 quas
1203 811 1236 864 tu
1258 821 1308 864 res
1331 805 1386 863 boc

233 911 344 968 ornatu
365 923 460 982 geras.
484 904 581 970 Mero.
605 923 633 964 v.
658 909 713 970 59:
738 905 857 966 Sammo
879 908 954 967 haec
977 907 1113 969 clamore.
1148 898 1262 981 Amph.
1287 898 1329 977 II,
1353 904 1383 976 2,

237 1007 311 1067 162:
334 1007 375 1064 At
396 1005 576 1078 cruam
599 1007 667 1078 iam,
690 1006 748 1064 nisi
770 1005 905 1079 adparet,
928 1009 985 1065 bro.
1011 1001 1126 1066 Caecil.
1143 999 1222 1065 Stat.
1238 998 1298 1063 inc.
1322 995 1387 1062 fab.

234 1098 272 1164 fr.
298 1105 346 1179 13,
369 1119 398 1164 v.
422 1103 500 1164 256:
530 1103 654 1163 cherto
678 1105 863 1164 accaroni.
901 1099 1029 1166 Terent.
1051 1099 1166 1179 Hecyr.
1189 1095 1269 1176 prol.
1303 1100 1333 1174 2,
1357 1113 1388 1155 v.

238 1203 273 1261 1:
296 1201 406 1260 Orator
427 1199 466 1259 ad
487 1218 539 1261 vos
561 1203 647 1262 venio
670 1204 779 1260 orecte
801 1203 928 1276 prologi.
953 1197 1033 1262 Vide
1049 1197 1088 1260 de
1108 1195 1168 1260 hoc
1190 1211 1307 1276 genere
1331 1192 1388 1256 ab·

234 1293 324 1359 lativi
345 1294 519 1375 Reisigium
541 1311 571 1374 p.
589 1300 661 1360 714.
685 1295 825 1360 Additur
846 1296 941 1360 etiam
964 1293 1159 1376 praepositio
1185 1313 1260 1356 ααα.
1285 1290 1388 1355 Naev.

132 1446 136 1450 .
235 1391 309 1455 bell.
352 1390 614 1470 Pun.·l.111,fr.
638 1399 674 1457 4:
711 1413 777 1456 cum
798 1399 900 1470 stupro
929 1397 1028 1457 redire
1057 1395 1094 1455 ad
1123 1411 1191 1454 suos
1219 1392 1388 1468 popularis,

236 1489 331 1554 Ennii
356 1487 579 1571 Προτρεπτικὸς
600 1489 639 1555 fr.
664 1496 698 1556 2:
722 1496 803 1569 Quae
827 1499 908 1554 tanto
929 1511 996 1554 cum
1016 1492 1113 1554 seculo
1135 1493 1239 1552 servit.
1275 1485 1390 1550 Annal.

235 1587 256 1651 l.
280 1587 306 1666 I,
328 1586 365 1652 fr.
390 1594 440 1667 57,
476 1607 505 1654 v.
530 1593 586 1654 80:
610 1593 756 1652 Curantes
778 1610 888 1666 ααααα
909 1610 975 1652 cam
997 1609 1079 1651 αανα.
1123 1587 1227 1652 Plaut.
1250 1587 1340 1650 Pers.
1362 1583 1391 1663 Ι,

238 1691 268 1766 3,
289 1691 322 1749 2:
345 1705 455 1762 αναααα
476 1707 542 1750 cum
563 1707 636 1750 αανα
658 1693 733 1750 αοΙο.
757 1687 800 1767 ΙΙ,
824 1691 853 1763 2,
879 1693 932 1752 16:
956 1689 1022 1750 iace
1044 1707 1106 1749 rem
1129 1691 1206 1748 hanc
1228 1705 1294 1748 cam
1317 1703 1393 1746 cura

236 1803 333 1861 ganas.
362 1783 444 1848 Men.
467 1784 505 1863 V,
528 1789 558 1863 4,
583 1791 618 1848 l:
640 1789 758 1860 Μαααα
780 1804 845 1848 cum
860 1804 934 1848 cura
956 1805 1010 1861 ego
1032 1788 1114 1846 illum
1139 1787 1238 1845 curari
1259 1787 1336 1846 volo.
1360 1799 1391 1846 u.

239 1889 273 1946 9:
311 1887 358 1943 Ita
380 1887 462 1944 illurn
485 1901 551 1943 cam
572 1902 646 1944 curu
667 1902 776 1957 mopso
797 1886 906 1945 curabo
929 1885 992 1947 tibi.
1042 1882 1169 1947 Terent.
1201 1881 1282 1945 Eun.
1312 1879 1392 1961 prol.

238 1999 267 2045 v.
290 1987 348 2044 44:
385 1999 451 2041 cum
475 1983 589 2044 silentio
617 1983 744 2043 animum
770 1983 924 2046 attendite.
968 1981 1048 2046 Eun.
1078 1980 1104 2060 Ι,
1138 1986 1164 2060 l,
1195 1986 1248 2044 18:
1289 1981 1393 2041 sides

239 2097 360 2155 operam
383 2087 417 2140 nt
438 2099 504 2142 cam
524 2082 641 2140 ratione
661 2082 803 2140 insanias.

328 2181 379 2240 40.
414 2177 464 2240 Ad
486 2175 661 2241 ablativum
682 2175 838 2239 modelam
861 2173 1020 2240 referendi
1043 2176 1139 2240 etlam
1162 2180 1237 2240 sunt
1259 2174 1393 2238 ablativi

240 2275 381 2352 absoluti,
419 2274 474 2354 qui
503 2274 666 2344 dicuntur,
704 2269 932 2353 significatione
969 2273 1089 2339 causali
1124 2279 1157 2339 et
1187 2271 1393 2338 conditIonali

153 2407 160 2421 ·
240 2371 345 2451 positi.
384 2370 464 2436 Cato
485 2372 522 2436 R·
545 2373 581 2436 n.
605 2391 631 2436 c.
653 2380 685 2436 ὃς
709 2375 854 2434 insciente
878 2373 1004 2434 domino.
1038 2371 1072 2437 Ο.
1096 2378 1131 2436 4;
1162 2372 1396 2449 siquidem

239 2473 345 2538 salum)
369 2491 438 2532 usus
460 2476 588 2549 venerit,
617 2475 743 2547 benigne
766 2472 935 2532 defendent.
964 2470 1123 2534 Gesnerus
1145 2469 1225 2534 illud
1247 2473 1324 2532 coac
1344 2488 1395 2531 so-

240 2569 301 2628 lata
328 2567 373 2632 sic
396 2568 546 2647 explicat:
582 2569 687 2648 „quod
710 2587 803 2633 omen
829 2568 908 2632 deus
931 2566 1089 2634 avertat.“
1134 2568 1239 2633 Plaut.
1263 2567 1350 2632 Asin.
1366 2566 1393 2643 Ι,

242 2671 342 2744 3,14:
367 2668 490 2742 Semper
512 2671 566 2729 tibi
590 2671 765 2744 promissum
788 2670 898 2729 hebeto
914 2669 970 2729 hoc
987 2669 1055 2746 lupe,
1079 2668 1147 2728 dnm
1164 2685 1287 2742 superes
1304 2669 1392 2728 datis.

241 2763 308 2826 Mil.
331 2763 374 2839 II,
398 2767 427 2843 6,
452 2768 505 2828 76:
540 2768 572 2826 Si
594 2785 649 2843 ego
670 2784 716 2826 me
737 2768 843 2827 saeue
864 2774 986 2841 paterer
1013 2767 1110 2826 vicino
1141 2783 1207 2825 meo
1229 2767 1305 2825 Eam
1326 2765 1394 2825 fieri

243 2868 315 2937 aput
337 2881 383 2923 me
407 2874 467 2923 tam
489 2866 628 2939 insignite
651 2866 799 2924 iniurIam.
833 2862 921 2926 Pers.
945 2861 999 2942 IV,
1022 2867 1052 2941 4,
1076 2866 1132 2926 31:
1154 2867 1246 2939 Atqui
1269 2871 1322 2922 aut
1341 2865 1395 2924 boc

241 2965 367 3033 emptore
388 2963 498 3022 vendes
521 2964 624 3036 pulcre
648 2967 699 3021 ant
721 2963 781 3022 olto
806 2979 865 3022 non
886 2969 996 3036 potest.
1042 2960 1170 3024 Terent.
1193 2958 1320 3023 Phorm.
1350 2959 1393 3037 II,

244 3063 272 3135 3,
295 3062 357 3122 31:
389 3061 440 3120 abs
463 3067 493 3120 le
517 3061 573 3119 boc
596 3061 781 3121 eumveato
803 3065 884 3134 peto.
929 3057 1006 3123 Hec·
1029 3057 1067 3132 V,
1093 3063 1121 3136 1,
1145 3064 1198 3123 11:
1236 3061 1393 3120 Narniam

160 3223 167 3242 ,
243 3161 341 3217 aetate
365 3175 401 3217 ea
424 3177 497 3234 sum,
520 3166 551 3217 nt
575 3175 634 3217 non
657 3159 715 3216 siet
732 3161 850 3230 peccato
871 3159 912 3216 mi
926 3159 1039 3233 ignosci
1056 3175 1188 3234 aequom,
1216 3156 1268 3219 ubi
1284 3153 1393 3219 Ruhn-

243 3251 355 3316 kenius
386 3260 507 3327 αναναια
539 3253 712 3318 ablativum
745 3251 924 3317 absolutum
965 3266 1036 3317 esse
1073 3251 1162 3333 dicit,
1202 3268 1392 3333 quamquam

238 3355 359 3423 peccato
393 3349 487 3413 etiam
521 3351 647 3415 dativus
678 3367 748 3415 esse
770 3351 888 3430 possit,
923 3348 970 3414 ita
991 3355 1027 3415 ut
1047 3355 1159 3428 ichasei
1180 3369 1252 3416 curn
1275 3350 1393 3431 duplici

245 3445 352 3510 dativo
375 3449 577 3513 coniunctum
599 3449 650 3512 sit.
1320 3495 1322 3506 .

207 3576 212 3586 ·
329 3551 380 3610 41.
418 3547 554 3608 Actaeas·
575 3549 728 3621 qualilutt's
751 3548 833 3615 tales,
855 3549 907 3620 ανα·
932 3549 972 3607 od
991 3549 1163 3609 deteriorem
1183 3549 1269 3624 quasi
1283 3553 1392 3612 statum

242 3645 365 3702 seberti
391 3646 520 3706 alieuius
550 3645 741 3716 Ιανναααααα
770 3651 798 3706 et
825 3645 1072 3714 aestuandum,
1096 3647 1197 3722 itaque
1223 3649 1264 3708 od
1292 3634 1392 3710 cerem

245 3741 308 3801 αἀα
329 3741 456 3801 αἀνῑαιαα
481 3747 510 3802 et
530 3746 672 3802 acturum
688 3745 845 3816 peccarat.
890 3741 933 3804 Hi
955 3741 1085 3806 ablativi
1106 3742 1152 3807 ita
1173 3742 1325 3808 differunt
1353 3743 1392 3808 ab

244 3837 298 3917 iis,
327 3855 408 3917 quos
430 3839 462 3902 in
484 3837 636 3919 proximis
659 3839 880 3917 tractavimus,
913 3843 950 3903 ut
971 3838 1018 3903 illi
1044 3857 1106 3904 non
1133 3848 1200 3906 tarn
1228 3846 1298 3906 arte
1322 3857 1392 3906 cum
1496 3829 1497 3832 ’

245 3935 389 4001 subiecto
413 3936 476 4000 sint
498 3935 672 4015 coniuncti,
701 3935 758 4002 sed
780 3937 881 4018 magis
903 3937 944 4004 ab
966 3954 1005 4002 eo
1027 3938 1164 4017 quodam
1185 3940 1278 4003 modo
1302 3955 1393 4018 sepa·

244 4034 317 4111 rati,
341 4034 500 4100 artissime
521 4038 629 4098 autem
652 4051 722 4099 cum
745 4035 929 4114 praedicato
954 4035 1126 4118 coniuncti,
1157 4035 1318 4102 hiantem
1341 4055 1392 4100 ar·

247 4179 449 4190 *-

313 4246 350 4312 “)
370 4246 413 4300 Sic
430 4247 499 4300 bene
518 4243 670 4300 emendavit
690 4242 893 4299 Fleckeisenus.
923 4245 1011 4315 Vulgo
1030 4261 1091 4300 cum
1108 4250 1242 4316 cruciatu,
1261 4245 1392 4320 ἀμέτρως·
