3040 4758
420 275 508 316 GASUS
523 275 791 320 SUBSTAN'PIVORUM.
805 297 830 306 -
850 275 989 318 moninus.
1262 282 1302 340 25

140 452 171 527 4,
196 451 253 512 54:
276 449 336 510 Sed
352 467 429 511 nunc
452 452 630 524 quantillum
648 457 749 514 meast
767 455 833 514 auri
848 455 911 527 tibi,
935 453 1131 525 Mnesiloche,
1157 452 1204 510 dio
1220 452 1301 510 mihi.

141 542 240 609 Mora.
265 543 304 624 V,
329 549 363 626 2,
388 551 441 611 13:
470 551 598 624 Egomet
619 552 692 612 mihi
713 551 778 613 fero
801 552 879 624 qaod
899 555 990 612 masi.
1037 545 1127 627 Capt.
1150 546 1180 626 l,
1205 551 1238 624 2,
1261 551 1300 609 61

142 640 312 719 (Scheller.
336 663 366 724 p.
392 647 482 713 aaut:
517 650 590 708 Tum
612 651 768 709 maritumi
789 667 886 709 omnes
908 649 1015 707 milites
1042 665 1114 720 opas
1140 651 1210 707 aaut
1237 647 1301 707 tibi.

140 737 260 805 Pseud.
283 741 328 820 ΙΙ,
352 746 387 821 4,
411 748 465 810 23;
499 747 576 822 quod
600 767 673 822 opus
698 753 753 806 est.
799 745 927 811 Terent.
954 742 1087 822 Adelph.
1111 743 1174 820 ΙΙΙ,
1203 747 1237 820 2,
1263 747 1302 807 37

143 838 306 915 (Perizon.
335 840 368 905 in
390 843 462 906 add.
488 843 528 907 ud
551 842 656 908 Sanct.
684 861 713 923 p.
740 841 831 919 798):
867 861 901 904 ac
929 845 1029 919 potius
1056 843 1135 914 qaod
1161 843 1198 902 ad
1225 843 1303 902 hanc

139 955 207 1000 rem
230 956 303 1013 opum
330 945 373 1002 est
400 960 491 1018 porro
518 946 666 1019 prospice.
710 940 788 1022 Hac.
812 940 866 1018 lV,
889 944 925 1018 4,
952 943 1008 1004 ta:
1046 939 1205 1000 nemaeus
1232 957 1304 1012 olm

81 1113 90 1126 ι
139 1037 182 1098 aa
203 1038 285 1100 vohis
306 1039 470 1100 redductan
492 1041 619 1102 domum.
665 1036 790 1102 Phorm.
816 1035 880 1114 III,
911 1043 945 1116 3,
970 1039 1024 1100 24:
1060 1040 1210 1115 Quantum
1232 1055 1304 1110 opas

139 1136 263 1197 esttibi
285 1139 410 1212 argenti.
455 1136 571 1201 Heaut..
588 1136 626 1217 V,
648 1141 676 1215 l,
700 1139 742 1199 20
765 1133 880 1211 (Rudd.
898 1151 928 1214 p.
946 1135 1017 1209 67):
1041 1135 1175 1211 Sponsae
1198 1138 1304 1194 cesam

138 1239 366 1310 autumatque
390 1237 517 1298 ancdlm
539 1255 612 1310 opas
634 1253 701 1296 esse.
747 1233 845 1297 Andr.
869 1232 911 1312 Π,
937 1236 965 1310 1,
991 1237 1047 1297 37:
1083 1236 1122 1295 At
1144 1241 1185 1292 tu
1200 1234 1302 1292 hercle

141 1331 222 1392 haud
245 1334 401 1408 quicquam
424 1336 506 1409 mihi,
529 1335 595 1395 Nisi
618 1353 654 1395 ea
677 1351 752 1406 qaae
775 1334 817 1393 nil
841 1351 913 1405 opus
933 1336 1003 1393 saut
1024 1333 1104 1393 sciri.
1135 1327 1189 1399 IV,
1212 1331 1243 1407 4,
1271 1331 1302 1392 1:

141 1447 219 1503 qaae
242 1447 314 1504 opas
336 1429 421 1502 fuae
442 1432 480 1493 ad
503 1433 633 1508 nuptiae.
678 1429 735 1509 IV,
768 1434 802 1510 l,
832 1433 885 1494 58:
920 1434 961 1490 At
988 1433 1046 1491 iam
1072 1419 1223 1501 hocopus
1252 1431 1302 1487 esc.

141 1525 198 1597 lv.
223 1531 252 1603 2,
277 1530 416 1589 21:1am
440 1531 587 1602 hocopus
610 1535 659 1590 cst.
691 1527 808 1591 Heaut.
825 1525 883 1604 Ill,
908 1531 936 1604 2,
957 1531 1012 1590 47:
1036 1526 1209 1587 Videbimus
1232 1526 1304 1598 qaid

142 1642 215 1698 opas
237 1626 285 1684 sit.
331 1623 465 1704 Adelph.
489 1625 544 1703 IV,
569 1630 605 1703 5,
635 1630 688 1689 72:
723 1645 798 1702 quae
821 1644 895 1701 opus
919 1632 995 1686 sunt.
1042 1622 1118 1688 Hec.
1141 1621 1180 1700 V,
1204 1625 1237 1690 2,
1268 1625 1302 1684 2:

142 1724 222 1797 quod
246 1741 320 1798 opus
344 1725 390 1784 sit.
432 1721 601 1787 Nonnullis
623 1721 701 1787 locis
721 1721 851 1786 dubium
875 1723 934 1798 est,
956 1737 1033 1784 num
1054 1718 1241 1784 nominativi
1263 1736 1303 1782 an

143 1816 277 1882 ablativi
297 1818 393 1899 positi
415 1819 489 1899 sint,
514 1838 584 1885 eum
607 1839 666 1900 per
687 1824 824 1884 metrum
847 1817 974 1897 quidem
990 1817 1120 1896 utrique
1143 1832 1214 1879 esse
1229 1832 1304 1893 pos·

142 1913 215 1978 sint.
262 1914 314 1979 Sic
329 1915 432 1980 Plaut.
448 1916 529 1982 Rud.
547 1917 602 1994 IV,
625 1925 655 1996 4,
681 1923 719 1982 39
743 1915 897 1991 (Perizon.
922 1914 963 1978 ad
986 1913 1016 1978 S.
1040 1931 1070 1993 p.
1089 1917 1160 1977 797.
1199 1911 1301 1976 Rudd.

144 2010 187 2090 ΙΙ,
210 2029 241 2091 p.
260 2015 310 2091 67,
334 2013 440 2077 adnot.
465 2017 535 2090 ab:
557 2019 625 2077 Hoc
647 2033 743 2092 nequo
767 2017 835 2076 istic
856 2018 941 2074 asum
962 2020 993 2072 et
1015 2014 1059 2072 illi
1081 2014 1209 2072 miserae
1234 2029 1302 2085 sup-

142 2112 240 2186 petias
265 2110 351 2188 iaret,
376 2110 437 2175 vid.
453 2111 612 2192 Krueger.
635 2129 765 2192 gramm.
789 2109 843 2174 lat.
867 2128 896 2190 p.
921 2113 993 2187 491,
1017 2108 1122 2172 adnot.
1139 2115 1168 2172 4.
1206 2106 1301 2171 Poen.

142 2205 180 2285 V,
205 2211 234 2285 2,
262 2211 338 2271 127;
372 2218 423 2270 tua
446 2230 519 2286 opus
542 2219 589 2271 est
612 2213 739 2287 operui)
783 2205 989 2286 Pers.ll,1,
1016 2211 1068 2268 ll:
1104 2207 1181 2280 Quid
1204 2207 1231 2266 ei
1252 2207 1303 2265 bo-

144 2307 218 2366 mini
242 2324 315 2380 opas
336 2309 445 2368 aliast?
483 2306 575 2372 Truc,
593 2306 631 2386 V,
655 2312 713 2371 44:
738 2310 802 2368 alia
824 2310 909 2380 opaci
931 2307 997 2364 auri
1019 2307 1110 2364 mina.
1145 2301 1243 2366 Mero.
1260 2300 1302 2379 ΙΙ,

145 2404 173 2475 3,
198 2405 257 2464 62:
294 2405 376 2464 Nihil
399 2411 484 2478 opud
509 2409 593 2467 nobis
617 2408 743 2475 analio,
776 2407 835 2465 nisi
864 2421 939 2479 quae
967 2409 1064 2476 texat,
1099 2419 1174 2476 quae
1203 2402 1303 2461 molat.

145 2497 244 2562 Mero.
273 2517 300 2561 v.
324 2503 401 2563 423:
435 2505 509 2564 nihil
531 2506 603 2564 istoc
624 2511 718 2577 opust.
762 2500 829 2564 Mil.
853 2499 912 2577 ΙΙΙ,
940 2505 966 2578 l,
992 2501 1067 2562 195:
1100 2500 1152 2558 Set
1174 2499 1246 2572 quid
1270 2514 1305 2556 ca

143 2615 214 2658 naas
242 2599 305 2658 cst?
350 2595 442 2662 Cura.
466 2599 532 2678 ΙΙΙ,
566 2606 621 2665 13:
650 2619 736 2662 ussus
768 2606 814 2661 est
837 2600 973 2675 pecunia.
1018 2594 1089 2658 Aul.
1114 2593 1168 2672 IV,
1193 2597 1222 2671 9,
1248 2597 1303 2656 13:

145 2711 211 2754 nam
236 2713 323 2770 quam
347 2699 387 2755 mi
410 2715 481 2771 opus
503 2703 546 2758 eat
566 2700 639 2760 atto.
685 2697 779 2760 Poen.
803 2695 863 2765 ΙΙΙ,
890 2699 922 2773 l,
946 2699 1002 2756 44:
1023 2695 1127 2767 Scitis,
1151 2709 1213 2751 rem
1236 2707 1303 2750 nar-

144 2794 206 2850 ravi
231 2794 328 2866 vobis,
364 2797 441 2869 quod
463 2801 564 2857 nostru
587 2813 676 2870 opera
704 2813 776 2870 opas
798 2797 893 2860 sict')
938 2790 1033 2853 Poen.
1057 2788 1094 2866 V,
1120 2791 1148 2865 6,
1175 2791 1227 2850 16:
1263 2789 1304 2847 ut

144 2890 215 2948 mihi
240 2891 357 2964 quidem
380 2910 452 2951 maa
473 2895 591 2968 argenti
614 2892 684 2970 (int.
708 2911 783 2968 opus
806 2899 861 2964 est,
886 2887 971 2969 quod
994 2884 1193 2965 praecessit).
1229 2883 1268 2952 H.
1282 2882 1302 2947 l.

146 2981 273 3048 videtur
296 2985 456 3051 ablativus
479 2988 695 3067 verisimilior,
729 2987 878 3069 quoniam
901 2983 1078 3065 praecessit
1100 2981 1226 3060 quidem
1250 2982 1304 3042 du·

144 3081 235 3158 plum,
259 3083 316 3146 sed
337 3084 481 3164 proxime
504 3087 650 3166 sequitur
672 3089 827 3164 suppliciis
850 3086 959 3145 multis.
991 3081 1117 3145 Terent.
1134 3077 1231 3141 Andr.
1248 3077 1302 3156 lV,

147 3181 175 3256 3,
198 3185 295 3259 7qu
319 3201 396 3244 nuno
420 3203 492 3258 opas
514 3191 557 3247 est
581 3191 633 3246 irco
656 3187 733 3246 Mihi
756 3187 793 3245 ad
816 3185 892 3243 hanc
916 3199 978 3242 rem
995 3183 1165 3252 eaprorapto
1186 3179 1304 3238 malitia

145 3282 233 3352 atque
258 3281 378 3341 asiatio.
423 3300 452 3344 v.
476 3285 515 3345 23
540 3282 695 3356 (Perizon.
720 3282 760 3346 ad
784 3280 813 3345 S.
837 3279 880 3343 M.
904 3295 933 3356 p.
958 3281 1019 3340 799
1049 3280 1082 3338 et
1109 3274 1141 3338 in
1169 3273 1304 3337 added

144 3389 175 3452 p.
193 3375 285 3449 798):
310 3379 407 3452 siquid
423 3389 477 3455 est,
503 3383 587 3454 Quod
610 3399 676 3440 mea
698 3397 788 3454 opera
810 3395 881 3452 opas
902 3377 942 3436 sil
963 3375 1054 3448 vobis,
1078 3372 1119 3436 ad
1142 3387 1234 3451 quern
1258 3371 1303 3433 lo·

143 3485 215 3533 curn
239 3469 369 3538 Ramsh.
393 3475 425 3538 in
448 3493 579 3556 gramm.
604 3475 659 3540 lat.
683 3493 713 3554 p.
738 3479 798 3538 265
822 3473 925 3536 adnot.
955 3475 966 3534 l
992 3468 1143 3547 affirmat,
1172 3469 1303 3532 ubicun-

142 3583 205 3645 que
221 3587 249 3633 v.
267 3589 341 3646 opus
359 3581 405 3633 est
420 3573 620 3638 aecusativus
641 3573 694 3652 qui
710 3571 827 3636 dicitur
843 3587 978 3650 graecus
998 3567 1030 3631 in
1047 3585 1163 3648 genere
1188 3571 1302 3630 neutro

145 3665 269 3743 positus
293 3670 342 3744 (ut
364 3668 394 3732 h.
418 3669 436 3734 l.
462 3673 559 3746 quod)
584 3669 814 3750 praecesserit,
839 3667 1013 3732 ablativum
1036 3665 1083 3730 rei
1105 3664 1190 3744 poni,
1218 3663 1303 3743 quod

146 3777 208 3840 quo
232 3773 424 3844 argumento
446 3767 536 3832 nisus
560 3768 676 3833 dixerit
700 3767 816 3831 nescio.

215 3935 236 3998 ⁶)
258 3934 303 3990 Sic
320 3942 397 3992 recte
417 3934 571 3990 emendavit
583 3935 708 3990 Bothius.
735 3933 825 4003 Vulgo
845 3939 941 3988 cantra
960 3937 1091 3985 metrum:
1111 3932 1304 3994 mauriopes

147 4032 240 4164 werp).
256 4099 386 4154 Editores
406 4105 470 4154 ante
488 4115 557 4168 opat
575 4098 678 4153 addunt
697 4101 757 4165 mii,
782 4094 956 4166 quodetiam
975 4093 1003 4146 in
1022 4091 1099 4146 codd.
1121 4098 1178 4156 est,
1208 4095 1303 4143 contra

142 4189 266 4237 metrum.
303 4182 390 4236 Recte
410 4180 489 4235 eiecit
508 4181 622 4235 Rostius
644 4196 736 4250 opusc.
756 4179 844 4232 Plaut.
863 4177 889 4246 Ι,
909 4194 935 4246 p.
958 4178 1022 4242 149,
1050 4187 1149 4227 casuan
1169 4169 1302 4234 consvrlto,

142 4278 197 4316 non
218 4272 334 4318 constat.
