3070 4758
261 213 325 273 320
716 207 872 250 mmm.
885 207 948 248 ΟΔΡ.
962 207 1004 248 111.

261 376 359 457 tione,
379 393 439 444 nec
459 382 572 445 tantm
593 380 786 450 obiectivum
809 380 877 448 eius
901 399 994 448 usum
1021 399 1060 448 ax
1087 377 1287 446 sambatius
1309 374 1423 458 sigrid-

262 475 385 544 mtione
407 474 627 556 explicandum
649 494 730 560 esse,
752 477 904 546 cohaeret
926 497 996 546 curn
1018 476 1176 544 sententia
1195 474 1285 540 talea
1305 492 1422 551 eorum,

262 572 318 652 oui
340 572 514 654 genitivum
535 577 655 642 artiore
682 575 808 642 vinculo
832 593 904 642 cum
924 576 1053 642 rodone
1074 574 1214 640 actionis
1235 589 1336 652 quam
1356 589 1422 636 cum

262 687 310 748 es,
332 686 414 751 quae
435 673 566 753 proprie
588 680 639 740 est
659 673 837 754 nominalis,
857 674 1059 739 coniunctum
1074 690 1144 736 esse
1167 672 1318 735 censent.
1352 667 1423 734 Sen-

261 767 394 835 tentiam
418 786 528 834 eorum
550 772 605 852 qni
628 770 849 852 primigeniam
877 768 1139 853 significationem
1166 766 1310 848 genitivi
1332 765 1422 830 talem

262 882 334 932 osse
355 865 480 948 uicum,
510 885 592 948 quae
613 868 672 936 sub
695 886 809 936 sensus
831 869 925 936 cadat
947 868 1050 948 (velut
1071 864 1249 946 Hertungii
1273 863 1330 944 qui
1352 861 1423 928 dicit

268 979 338 1028 eam
361 980 441 1046 esse,
463 969 501 1032 nt
522 965 682 1046 genitivus
704 965 746 1032 ad
767 967 985 1048 quaestionem
1004 967 1083 1030 aa&
1100 963 1322 1045 respondeat),
1344 977 1422 1025 nunc

263 1061 384 1130 omitto.

347 1158 511 1228 Habemus
531 1162 645 1244 igitur,
674 1167 712 1227 nt
734 1160 1004 1243 repressimus,
1037 1159 1115 1224 duce
1138 1156 1279 1240 genitivi
1297 1155 1420 1222 formas.

262 1253 356 1321 Prior
378 1275 417 1324 ea
438 1262 525 1340 erat,
555 1275 617 1339 qua
638 1260 742 1326 altero
762 1259 849 1326 notio
871 1259 904 1324 in
933 1253 1013 1322 fines
1035 1255 1127 1338 quasi
1148 1255 1310 1334 nominis,
1341 1251 1420 1334 quod

261 1354 298 1420 in
321 1356 460 1436 genitivo
482 1356 621 1437 positum
644 1362 706 1438 est,
739 1356 892 1437 recipitur
914 1360 948 1420 et
970 1353 1015 1420 eic
1038 1354 1107 1419 eius
1129 1352 1274 1418 ambitus
1298 1368 1419 1417 coerce·

263 1457 326 1518 tur.
370 1454 537 1535 Sequitur,
567 1458 604 1521 ut
624 1454 704 1525 haec
725 1453 867 1538 receptio
889 1453 1013 1519 ratione
1036 1451 1275 1533 simplicissime
1304 1455 1339 1516 et
1360 1465 1420 1513 ma·

263 1550 346 1616 xime
367 1553 476 1618 notim
497 1557 531 1618 et
551 1552 585 1618 in
607 1557 723 1621 natura
751 1552 888 1618 notionis
918 1552 988 1631 ipsa
1013 1549 1083 1614 nisa
1109 1547 1179 1614 fieri
1210 1549 1349 1627 debeat,
1380 1545 1420 1610 ita

262 1653 301 1712 ut
323 1649 351 1714 is
373 1650 427 1730 qui
449 1650 547 1732 audit,
573 1651 681 1716 stetim
696 1650 822 1728 sentiat,
845 1648 1007 1714 notionem
1028 1665 1091 1712 non
1114 1646 1268 1712 collocari
1289 1646 1324 1710 in
1345 1645 1417 1720 loco,

265 1747 320 1827 qui
341 1753 475 1814 naturae
505 1766 584 1816 suae
612 1748 791 1816 contrarius
819 1747 861 1814 sit
887 1747 980 1827 eique
1006 1749 1177 1826 repugnet,
1212 1744 1285 1810 sive
1316 1740 1417 1808 ambas

262 1845 407 1913 notiones
431 1846 515 1912 inter
537 1865 571 1914 se
595 1847 765 1912 convenire
787 1849 821 1910 et
841 1862 1028 1925 congruere.
1075 1841 1179 1921 Quum
1200 1846 1316 1906 autem
1337 1836 1418 1920 geni·

263 1943 350 2006 drus
373 1943 534 2008 contineat
554 1944 716 2010 notionem
737 1942 949 2023 superiorem,
982 1941 1139 2023 sequitur,
1169 1943 1206 2004 ut
1233 1939 1326 2004 notio
1348 1931 1416 2002 defi·

262 2040 379 2106 aiendo
400 2041 561 2124 pertineat
582 2042 624 2106 ad
646 2058 760 2106 nomen
776 2038 914 2120 genitivo
931 2057 1115 2120 expressum
1136 2038 1257 2104 eteius
1273 2037 1318 2102 sit
1333 2030 1415 2115 quasi

264 2138 404 2218 propria.
449 2138 623 2206 sedetiam
638 2139 680 2202 ad
694 2137 861 2202 arbitrium
885 2141 1028 2201 nostrum
1051 2136 1225 2218 genitivum
1246 2134 1414 2213 adiungere

262 2253 431 2315 possumus
453 2237 572 2302 nomini
598 2236 645 2303 ito
671 2240 709 2301 ut
729 2234 771 2299 ad
798 2233 888 2299 illum
909 2233 1080 2315 pertineat.
1125 2232 1195 2312 Quo
1216 2231 1269 2313 fit,
1306 2235 1343 2297 nt
1367 2227 1414 2293 aut

261 2338 374 2397 naara
391 2339 448 2400 aut
469 2337 536 2398 iare
560 2335 651 2416 quasi
667 2350 780 2398 nornen
795 2333 837 2396 ad
851 2330 1026 2414 genitivum
1045 2331 1207 2413 pertinere
1223 2331 1290 2396 dici
1310 2325 1412 2411 possit.

263 2429 331 2496 lam
353 2431 394 2496 ad
416 2431 506 2512 prius
528 2451 629 2514 genus
653 2430 785 2513 genitivi
804 2448 913 2496 omnes
934 2447 990 2495 eae
1010 2430 1150 2495 rationes
1168 2431 1329 2508 spectant,
1353 2421 1412 2504 qui·

262 2527 322 2594 bus
348 2531 464 2595 natura
490 2531 581 2611 quasi
610 2531 746 2596 alterum
780 2544 896 2592 nomen
919 2529 960 2593 ad
983 2528 1121 2594 alterum
1147 2526 1305 2607 pertinet,
1333 2521 1412 2586 velut

265 2643 305 2690 ea
325 2625 424 2707 ratio,
451 2645 514 2708 qua
534 2647 611 2710 pars
633 2629 675 2694 ad
697 2631 816 2706 totum,
847 2624 964 2707 singuli
984 2626 1025 2690 ad
1048 2641 1170 2704 omnes,
1197 2623 1231 2688 id
1254 2622 1341 2705 quod
1361 2617 1410 2683 ali-

263 2723 354 2790 cuius
376 2727 539 2806 proprium
561 2731 612 2792 est
635 2726 677 2792 ad
708 2743 790 2806 eum,
829 2723 917 2790 cuius
945 2723 1111 2804 proprium
1143 2725 1212 2801 est,
1249 2715 1411 2786 referenda

263 2827 340 2886 sunt
368 2823 530 2904 multaque
556 2824 635 2905 alia,
668 2840 731 2904 quo
757 2826 900 2905 pertinet
929 2825 1025 2889 etiam
1061 2820 1144 2885 ratio
1172 2813 1410 2901 propinquitatis

262 2935 367 2984 sexus.
411 2922 463 2985 Ad
484 2921 621 2988 alterum
642 2940 744 3004 genus
772 2926 918 3004 spectant
949 2940 1006 2986 eae
1036 2918 1175 2985 rationes
1205 2917 1410 2998 exprimentes

262 3033 361 3082 mum
383 3035 498 3084 nomen
518 3018 559 3086 ad
581 3019 718 3086 alterum
740 3021 918 3101 pertinere,
941 3035 1038 3099 quae,
1065 3032 1255 3098 quamquam
1280 3033 1343 3082 non
1363 3027 1411 3075 ne-

262 3117 337 3180 tura
359 3121 433 3182 sunt
454 3118 661 3197 constitutae,
689 3119 747 3184 sed
768 3136 923 3184 consensu
946 3117 1073 3182 demum
1094 3114 1255 3180 hominum
1280 3111 1408 3194 agnitae,

264 3217 370 3279 tamen
392 3216 524 3283 eandem
543 3217 605 3280 vim
628 3220 725 3296 atquc
748 3216 971 3283 auctoritatem
993 3218 1106 3280 nactae
1130 3217 1203 3279 sunt
1223 3218 1321 3293 atqua
1343 3205 1409 3272 illut

266 3317 383 3376 natura
405 3314 605 3393 constitutae,
629 3319 666 3378 ut
689 3332 728 3378 ea
748 3314 841 3390 ratio,
865 3331 928 3394 qua
950 3327 1100 3376 mensura
1122 3311 1262 3391 pertinet
1284 3308 1325 3374 ad
1345 3317 1405 3370 rem

266 3427 363 3489 quam
375 3412 533 3488 metimur,
555 3412 716 3492 possessio
738 3413 780 3478 ad
802 3428 1028 3492 possessorem,
1051 3406 1186 3474 officium
1207 3409 1337 3472 adeum
1359 3394 1406 3480 usli

268 3525 305 3571 eo
329 3514 380 3573 est
401 3509 560 3592 obligatus
588 3515 622 3574 et
646 3514 775 3590 praeter
804 3510 922 3575 multas
952 3509 1031 3574 alias
1059 3507 1154 3574 etiam
1180 3505 1262 3570 ratio
1291 3496 1408 3585 propin·

261 3604 394 3682 quitatis
423 3608 519 3673 animi
546 3613 580 3671 et
606 3607 732 3688 ingenii.
776 3607 843 3673 Iam
879 3625 955 3672 vero
985 3606 1018 3671 in
1051 3622 1167 3685 magua
1204 3597 1407 3668 similitudine,

199 3791 202 3798 ι
260 3719 343 3781 quae
373 3704 542 3771 intercedit
578 3705 663 3770 inter
689 3704 748 3771 hes
781 3707 920 3770 rationes
952 3709 986 3768 et
1004 3704 1144 3770 rationes
1168 3701 1283 3782 prioris
1314 3689 1407 3766 serici,

261 3802 389 3869 minime
411 3809 520 3884 aptum
548 3809 634 3870 esset
654 3804 713 3870 has
734 3806 815 3870 duas
843 3801 962 3868 formae
991 3807 1141 3881 tanquam
1168 3796 1354 3879 principales
1380 3789 1408 3851 tt

263 3901 445 3982 potissimas
461 3903 632 3992 separatim
650 3908 799 3979 mactare,
822 3920 896 3967 nam
915 3899 1077 3981 possessio
1096 3897 1268 3979 respondet
1289 3895 1317 3960 ei
1332 3881 1407 3972 quod

261 3999 396 4065 alicuius
411 4000 458 4066 rei
474 4001 636 4082 proprium
654 4006 713 4081 est,
735 4000 822 4066 notio
838 4016 1006 4065 mensurae
1022 3995 1141 4063 notioni
1159 3995 1261 4076 partis
1281 3997 1313 4058 et
1335 3997 1407 4069 quac
1485 4015 1486 4068 ;

261 4104 337 4161 sunt
358 4099 488 4180 reliqua.
536 4097 739 4180 Quapropter
759 4099 845 4164 aliud
860 4097 1051 4180 principium
1071 4093 1233 4159 divisionis
1247 4081 1405 4174 primariae
1486 4110 1487 4138 o

262 4197 513 4279 investigandum
530 4201 580 4262 est
595 4204 628 4262 et
648 4197 849 4277 aptissimum
864 4213 899 4260 se
915 4193 1009 4260 offert
1028 4193 1111 4258 idem
1131 4191 1308 4267 discrimen,
1331 4174 1406 4264 q¹1⁰d
1485 4187 1487 4245 l
