3004 4764
179 219 240 278 352
550 175 554 180 ⁵
632 198 889 250 emarcueram.

266 389 293 449 6.
338 386 530 448 Plemmsmus
552 385 774 465 pronominum
796 381 1010 474 personalium
1033 379 1138 444 locum
1159 379 1273 458 habet,
1307 378 1338 442 si

180 487 237 547 aut
257 482 435 562 παθητικῶς
456 489 532 562 (per
553 481 690 563 ἔμφασιν)
714 487 771 547 aut
793 481 936 562 longiore
959 477 1179 542 enunciatione
1201 475 1337 540 interie-

180 584 232 646 cta
254 584 454 660 repetuntur,
478 597 540 644 non
562 599 654 646 secus
675 584 772 660 atque
787 579 872 658 apud
894 579 1044 654 Graecos,
1067 573 1237 654 dequibus
1259 571 1337 637 vide

180 676 297 743 Bernh.
322 677 410 759 Synt.
433 695 464 756 p.
489 683 559 742 276.
591 678 643 743 Sic
665 677 769 742 Plaut.
793 675 864 741 Aul.
888 674 947 753 ΙΙΙ,
971 679 999 753 6,
1026 678 1077 738 15:
1102 676 1152 749 qui
1177 675 1252 733 milti
1280 691 1335 732 an·

179 781 264 854 gulos
287 779 397 838 Forum
421 781 581 852 implevisti
603 781 634 838 in
658 778 780 838 aedibus
803 778 912 836 misero
934 775 1016 833 mibi.
1062 769 1175 850 Amph.
1197 768 1222 839 I,
1241 775 1269 839 3,
1292 773 1333 833 36

181 889 266 953 sqq:
309 877 395 934 Nunc
423 877 476 935 tibi
502 878 578 937 hanc
611 881 748 952 pateram
773 905 814 916 -
849 875 903 932 1111
931 871 1075 944 condono,
1109 868 1149 931 ad
1171 885 1199 948 q.
1227 865 1247 929 l.
1270 866 1333 929 vid.

180 969 275 1035 Both.
298 972 422 1034 01111111
444 977 551 1037 autem
573 972 794 1052 pronominum
818 967 1031 1050 personalium
1054 963 1204 1044 frequens
1227 964 1333 1028 estin

183 1069 418 1133 constructione
439 1069 611 1134 accusativi
633 1087 704 1134 cum
727 1064 890 1146 infinitivo,
913 1082 976 1147 qua
998 1065 1086 1127 dere
1101 1063 1163 1128 vid.
1176 1062 1333 1126 Lueblrer.

181 1165 221 1230 de
243 1183 305 1230 usu
332 1165 384 1230 inf.
409 1166 510 1230 Plaut.
542 1185 571 1247 p.
595 1171 635 1232 24
662 1166 770 1246 ibique
792 1164 965 1228 adnotatio.
1011 1162 1062 1227 Sic
1092 1161 1195 1224 Plaut.
1219 1159 1333 1240 Amph.

181 1263 206 1340 1,
227 1269 253 1342 1,
270 1267 348 1327 231:
371 1267 435 1340 Ego
459 1285 522 1326 sum
546 1268 631 1326 Sosia
653 1268 720 1341 ille,
745 1283 829 1340 quem
852 1272 885 1324 tu
907 1265 1015 1323 dudum
1038 1279 1104 1322 esse
1128 1262 1228 1321 aiebas
1251 1261 1332 1322 mihi.

271 1367 298 1424 7.
344 1359 558 1426 Memorabilis
588 1364 638 1426 est
667 1359 846 1425 coniunctio
874 1358 1045 1440 singularis
1071 1356 1231 1438 participii
1259 1375 1332 1420 cum

182 1457 299 1538 plurali
320 1459 516 1538 pronominis
543 1478 593 1539 ap.
617 1459 744 1530 Terent.
769 1459 849 1522 Eun.
877 1456 933 1538 IV,
964 1463 993 1537 3,
1024 1463 1057 1520 7:
1091 1460 1214 1518 absente
1237 1459 1333 1532 nobis,

183 1555 223 1619 de
254 1557 344 1620 cuius
374 1573 471 1620 causa
497 1556 651 1621 disseruit
679 1555 826 1620 Klotzius
860 1556 894 1618 in
917 1573 1052 1620 censura
1080 1553 1238 1634 Propertii
1268 1553 1335 1616 edi·

183 1654 278 1718 tionis
313 1654 586 1737 Hertzbergianae
619 1671 689 1718 nov.
725 1651 827 1719 annal.
862 1652 970 1733 philol.
1007 1652 1070 1718 vol.
1104 1656 1161 1732 49,
1199 1655 1276 1715 sect.
1307 1657 1334 1732 1,

188 1757 276 1828 1847,
299 1771 329 1833 p.
353 1757 392 1816 41
418 1772 463 1833 sq.

270 1857 298 1912 8.
342 1855 462 1912 Tertiae
484 1867 640 1930 personae
668 1848 894 1930 significandae
923 1850 1116 1915 destinatum
1144 1854 1193 1913 est
1220 1859 1337 1928 prono-

184 1964 257 2010 men
278 1949 305 2008 11
327 1967 362 2008 eu
382 1951 422 2013 id.
462 1943 561 2013 Ouios
582 1949 777 2027 pronominis
797 1949 946 2028 antiquae
969 1948 1090 2013 formae
1113 1952 1222 2012 extant
1239 1947 1336 2010 etiam

182 2044 270 2124 apud
292 2045 430 2109 Ennium
452 2065 516 2106 som
537 2046 618 2109 Ann.
642 2049 703 2109 228
726 2063 785 2125 pro
807 2041 886 2126 eom,
909 2067 974 2109 sum
996 2048 1076 2111 Ann.
1103 2051 1172 2110 102.
1199 2049 1257 2109 165
1280 2063 1337 2124 pro

184 2145 316 2217 111111.
341 2142 491 2208 Schmidt.
515 2144 545 2207 d.
568 2160 661 2222 pren.
685 2160 715 2221 p.
742 2141 804 2222 11),
825 2143 903 2207 item
925 2164 971 2206 sos
993 2150 1025 2208 et
1047 2165 1097 2207 sos
1121 2145 1160 2220 (v.
1186 2143 1336 2207 Schmidt.

185 2259 216 2322 p.
244 2245 280 2304 12
304 2246 338 2306 et
358 2240 489 2304 Vahlen.
513 2241 607 2305 index
631 2241 670 2304 ad
694 2239 853 2318 Ennium).
876 2243 925 2306 De
948 2247 1131 2307 nauantem
1151 2241 1246 2306 huius
1262 2257 1337 2321 pro·

185 2339 320 2404 nominis
343 2336 473 2404 afferam
496 2339 594 2404 verba
616 2339 780 2404 Schmidtii
802 2358 831 2420 p.
858 2343 910 2403 12:
942 2339 1000 2421 „ln
1020 2339 1080 2404 hoo
1102 2340 1201 2420 igitur
1222 2358 1340 2419 prono-

186 2437 271 2500 mine
292 2439 421 2517 proprie
441 2437 530 2501 nulla
554 2437 614 2502 nisi
630 2439 744 2502 tertiae
767 2455 923 2518 personae
945 2440 1030 2503 inest
1052 2434 1249 2519 significatio.
1274 2437 1339 2502 Sed

187 2551 284 2613 quum
306 2538 433 2599 veteres
454 2535 583 2615 linguae
606 2539 643 2600 ut
663 2537 799 2616 primam
822 2541 855 2599 61
877 2538 1063 2615 secundam,
1087 2537 1132 2600 ita
1155 2536 1251 2600 etiam
1274 2539 1338 2600 ter-

186 2632 264 2695 tiam
286 2649 456 2713 personam
486 2651 557 2697 cum
579 2633 669 2697 verbi
697 2635 920 2715 coniugatione
947 2635 1180 2714 coniungerent
1200 2633 1338 2713 ideoque

187 2729 290 2794 minus
312 2730 526 2795 necessarium
550 2737 644 2810 esset,
667 2736 705 2794 ut
719 2732 816 2795 tertia
838 2748 976 2812 persona
988 2731 1117 2812 proprio
1133 2751 1170 2797 ac
1185 2731 1338 2813 peculiari

187 2829 343 2893 vocabulo
372 2825 606 2908 significaretur
632 2845 669 2892 ac
697 2847 755 2910 pro
784 2847 821 2893 eo
852 2848 947 2910 saepe
976 2830 1072 2893 etiam
1099 2831 1339 2911 pronominibus

187 2925 444 2990 demonstrativis
466 2932 643 3006 uterentur,
666 2927 784 2992 factum
806 2930 865 3005 est,
890 2927 1015 2994 utillud
1030 2945 1204 3008 pronomen
1219 2929 1253 2992 iu
1268 2927 1339 2992 aliis
1440 2953 1443 2962 =
1487 2913 1488 2924 ¹

191 3023 308 3104 linguis
332 3024 500 3088 maximam
522 3027 647 3104 partem
670 3026 827 3105 interiret,
851 3026 884 3089 in
906 3025 976 3089 aliis
1000 3043 1075 3089 vero
1098 3026 1130 3090 in
1146 3027 1338 3107 singularem

188 3137 280 3186 usum
303 3127 559 3186 converteretur.
604 3122 654 3187 Ita
675 3123 708 3187 in
730 3123 829 3186 latina
850 3123 959 3204 lingna
982 3124 1105 3189 accidit.
1150 3125 1245 3204 Apud
1266 3123 1339 3188 illos

191 3220 273 3284 enim
296 3222 323 3281 is
345 3237 529 3300 pronomen,
551 3239 648 3302 quum
670 3221 702 3285 id
724 3220 878 3301 imprimis
900 3225 1108 3302 usurparent,
1137 3222 1164 3286 si
1186 3225 1238 3298 qui
1265 3239 1340 3302 pro-

189 3333 305 3380 nomen
327 3318 530 3396 sequebatur,
553 3318 616 3384 vim
640 3318 767 3383 relativi
787 3319 982 3400 pronominis
1005 3321 1137 3400 accepit.
1181 3319 1338 3384 Perverse

190 3415 274 3477 enim
297 3416 484 3496 egerenti,
509 3417 562 3496 qui
583 3420 610 3478 is
631 3416 717 3481 inter
739 3417 925 3496 pronomina
947 3417 1198 3483 demonstrativa
1219 3417 1340 3482 retule-

189 3517 274 3576 runt.
296 3547 339 3557 -
360 3517 422 3575 Hic
445 3515 536 3594 enim,
558 3519 622 3596 iste,
644 3519 694 3577 1111
716 3514 953 3579 demonstrandi
968 3514 1088 3579 habent
1109 3515 1181 3595 vim,
1203 3519 1231 3578 11
1245 3515 1338 3579 modo

182 3609 348 3674 'hominem
371 3610 518 3690 aliquem,
542 3613 582 3676 de
605 3631 667 3692 quo
689 3611 809 3692 aliquid
829 3612 1043 3694 praedicatur,
1067 3611 1235 3694 significat.
1264 3611 1341 3689 Qni-

190 3707 250 3772 hus
273 3707 518 3786 demonstratur,
541 3714 568 3772 is
582 3729 757 3790 pronomen
779 3711 821 3774 ad
835 3710 1053 3791 praedicatum
1070 3711 1199 3792 aliquod
1214 3708 1339 3790 relerri,

192 3809 225 3869 et
247 3806 332 3886 apud
355 3806 485 3872 Latinos
508 3827 570 3872 non
586 3809 743 3872 immerito
765 3808 1003 3888 pronominibus
1025 3809 1168 3874 relativis
1189 3808 1344 3900 adnume-

194 3903 259 3967 rari
282 3922 386 3985 posse,
410 3905 458 3969 uti
480 3907 662 3970 Priscianus
675 3904 760 3982 iecit,
783 3907 868 3986 apud
891 3925 985 3988 quem
1004 3907 1076 3972 XII.
1093 3899 1196 3972 instit*
1209 3923 1340 3988 gramm.

196 4008 210 4065 1
237 3999 262 4080 ᾗ.
288 4007 307 4066 3
330 4001 406 4067 haec
429 4004 527 4068 verba
548 4004 716 4086 leguntur:
740 4009 859 4068 Tertiae
882 4025 1030 4082 personae
1053 4009 1113 4067 1111
1135 4015 1203 4068 sunt
1223 4007 1344 4066 demon·

193 4102 327 4174 11111111,
352 4110 384 4160 ut
406 4105 454 4163 hic
477 4113 508 4163 et
530 4107 601 4182 iste,
629 4105 857 4174 cherolabae,
886 4106 980 4179 1111,
1010 4105 1071 4180 111,
1099 4107 1159 4165 1111
1179 4106 1265 4164 modo
1288 4103 1341 4162 de-

192 4200 395 4275 monstrativa,
419 4201 504 4262 modo
526 4204 661 4279 relativa,
681 4211 714 4263 nt
733 4204 800 4279 1116,
824 4205 897 4280 ipse.
942 4199 1056 4266 Differt
1077 4207 1185 4265 autem
1206 4203 1345 4288 111111

1244 4293 1324 4517 t

1319 4511 1346 4550 *1.

1346 4563 1370 4580 Ἰ*
