3064 4754
464 221 553 262 ΟΔΘΙΙΒ
568 221 836 265 θῐΙΒΒΤΔΝΉΙΙΟΒΙΙΙΙ.
850 243 876 254 -
887 224 1027 267 ΔΟΟΙΙθΔΤ.
1271 237 1334 298 209

166 391 217 458 his
239 389 370 459 Catonis
399 393 478 460 locis
500 392 695 476 significatio
718 394 814 460 simul
841 401 894 462 est
921 396 1136 465 distributiva.
1181 399 1216 466 G.
1242 404 1276 466 2:
1307 406 1335 464 si

168 493 239 567 quid
261 494 344 554 desit
360 493 395 553 r'm
416 507 537 562 aarum,
563 495 608 555 uti
630 501 762 570 paretur.
794 492 899 561 Plaut.
916 494 1011 560 Most.
1027 495 1054 575 1,
1080 500 1107 576 l,
1131 500 1186 562 64:
1211 517 1266 576 ego
1287 503 1334 560 ire

167 589 198 648 iu
220 590 357 650 Piraeum
379 594 447 652 volo
467 592 510 650 Iu
530 608 685 666 vesperum
705 609 816 667 parare
840 595 991 670 piscatum
1012 595 1094 654 mihi.
1138 592 1198 674 ΠΙ,
1223 598 1253 674 2,
1279 600 1331 659 11:

167 685 227 746 Res
250 694 387 761 paratust
409 691 489 749 mala
514 689 548 748 tu
573 706 728 763 vesparum
749 691 818 750 huic
842 693 917 752 seni.
961 688 1052 754 Pers
1075 687 1130 767 IV,
1153 695 1182 771 3,
1205 695 1241 755 2:
1275 710 1332 772 ago

167 784 255 844 hodie
272 786 421 861 conpendi
436 785 496 846 ieci
511 787 597 848 binos
611 804 706 861 panas
721 787 754 846 iu
768 788 838 849 dias.
886 785 941 866 IV,
966 789 995 866 6,
1021 790 1055 850 7:
1078 789 1178 850 Lucro
1193 788 1333 852 faciundo

167 897 222 954 ego
244 880 397 957 auspicavi
418 885 452 942 v'u
474 885 554 944 huuc
574 883 658 945 diem.
705 881 802 946 Mero.
826 882 864 962 V,
896 888 924 962 l,
955 889 988 950 9:
1022 886 1053 944 in
1084 886 1157 948 dies.
1201 884 1329 950 Terent

165 973 246 1038 Eun.
270 975 309 1055 V,
332 981 361 1056 6,
388 983 440 1043 19:
474 981 534 1041 Sed
555 982 589 1040 a'u
611 980 689 1040 diana
710 982 802 1055 istuc,
826 983 993 1056 Parmeno,
1017 989 1064 1044 est
1086 982 1230 1060 fortasse,
1253 987 1333 1061 qnod

166 1075 289 1151 minare,
313 1074 368 1139 ubi
391 1076 552 1156 cogitatur
574 1077 614 1142 de
638 1081 783 1156 tempore
806 1075 923 1142 futuro.

250 1175 300 1236 46.
329 1171 363 1237 Si
386 1174 560 1238 secundum
584 1174 682 1239 situm
703 1173 819 1239 obiecti
841 1174 978 1240 directio
1005 1173 1140 1238 actionis
1163 1175 1329 1241 constitui·

165 1272 229 1347 tur,
253 1286 381 1348 semper
396 1270 552 1336 accedunt
566 1270 820 1351 praepositiones
835 1271 876 1335 ad
891 1272 1122 1352 accusativum,
1145 1289 1225 1352 quas
1240 1272 1330 1337 dein·

164 1383 239 1446 ceps
263 1367 417 1431 tractabo.

250 1464 411 1534 Adversus,
434 1467 599 1534 ndvmsum,
622 1481 704 1543 quae
724 1468 757 1528 et
772 1464 924 1530 adverbia
940 1469 972 1530 et
986 1464 1241 1545 praepositiones
1257 1481 1328 1530 esse

164 1565 309 1638 possunt,
327 1561 464 1640 primum
479 1561 599 1625 habent
614 1558 878 1640 significationem
893 1561 964 1641 loci,
981 1560 1155 1646 papensibus,
1173 1562 1325 1644 enipeum,

166 1654 218 1733 aad
234 1657 328 1720 simod
346 1655 407 1739 hin,
431 1676 513 1738 quae
536 1658 633 1723 etiam
655 1657 874 1736 metaphorica
897 1677 967 1724 esse
982 1664 1100 1740 potest,
1120 1664 1157 1723 ut
1176 1659 1216 1724 de
1232 1676 1324 1739 prae-

164 1753 269 1818 sentia
284 1755 417 1820 alicuius
433 1755 630 1835 accipiantur
643 1760 675 1819 et
690 1754 774 1818 idem
790 1753 969 1835 significent
984 1756 1070 1835 quod
1084 1775 1193 1825 coram,
1210 1756 1324 1820 deinde

164 1850 403 1916 transferuntur
430 1854 471 1916 ad
494 1852 633 1916 animum
662 1870 724 1932 quo
755 1870 864 1917 sumus
894 1852 946 1917 vel
968 1853 1092 1932 agimus
1119 1852 1248 1917 ratione
1269 1853 1326 1917 ali-

165 1948 255 2012 cuius
278 1950 325 2013 rei
348 1950 399 2014 vel
425 1949 562 2013 hominis
584 1949 695 2014 habita
723 1953 780 2012 aut
802 1949 951 2015 hostilem
973 1953 1031 2012 aut
1052 1949 1187 2014 amicum
1216 1954 1248 2013 et
1270 1949 1327 2014 be·

163 2046 321 2126 nevolum,
344 2046 390 2110 ita
412 2051 449 2110 ut
471 2051 505 2109 et
526 2064 585 2126 pro
608 2053 712 2108 contra
735 2052 766 2110 et
792 2065 850 2126 pro
873 2065 945 2122 erpa
967 2046 1122 2110 dicantur.
1169 2051 1197 2110 1.
1221 2045 1325 2126 Signi-

163 2141 269 2207 ficatio
297 2143 358 2208 loci
381 2149 431 2208 est
458 2161 509 2222 ap.
538 2143 643 2208 Plaut.
666 2143 757 2208 Pers.
781 2143 823 2222 Il,
848 2149 877 2223 2,
904 2149 956 2207 18:
994 2151 1040 2206 set
1068 2147 1134 2221 quis
1163 2145 1237 2204 haec
1267 2150 1323 2218 est,

164 2261 239 2316 quae
262 2261 308 2301 ma
331 2245 490 2304 advorsum
511 2245 632 2303 incedit.
677 2240 827 2304 Plurimis
847 2245 955 2305 autem
978 2240 1011 2304 in
1037 2239 1124 2319 locis,
1147 2238 1203 2303 ubi
1228 2238 1325 2319 signi·

162 2334 268 2400 ficatio
292 2337 353 2402 loci
376 2345 521 2419 apparet,
543 2343 617 2402 sunt
638 2337 801 2416 adverbia,
820 2338 905 2401 unde
926 2335 1082 2400 formulae
1106 2339 1247 2398 adversus
1267 2339 1323 2404 ive,

163 2436 305 2496 advorsus
326 2439 440 2505 vautra,
464 2439 605 2496 adversus
629 2453 702 2504 esse,
729 2451 788 2513 pro
811 2433 936 2498 obviam
957 2433 1006 2496 ire
1030 2436 1104 2496 cett.
1150 2431 1202 2496 Sic
1224 2431 1319 2496 Most.

162 2530 188 2609 I,
204 2537 233 2610 4,
254 2540 285 2596 1:
308 2534 478 2596 Advorsum
497 2535 594 2594 acutri
609 2535 682 2591 mihi
697 2533 734 2591 ad
751 2533 953 2592 Philolachem
970 2532 1046 2591 Volo
1062 2532 1198 2604 temperi.
1225 2527 1320 2592 Most.

161 2647 189 2690 v.
215 2634 293 2694 938:
330 2634 520 2693 Callidamati
548 2637 651 2690 nostro
683 2629 841 2689 advorsum
868 2629 1009 2688 vovimus.
1054 2625 1152 2690 Mers.
1176 2625 1201 2703 I,
1231 2630 1259 2702 2,
1289 2630 1318 2688 4.

163 2725 260 2790 Stich.
276 2727 302 2806 I,
320 2733 348 2808 2,
366 2733 419 2792 32:
443 2731 524 2790 ferre
545 2728 705 2787 advorsum
728 2728 840 2785 homini
862 2743 1040 2798 occupemus
1063 2727 1224 2784 ausculum.
1253 2721 1319 2784 Mil.

161 2823 203 2902 II,
226 2829 255 2904 2,
283 2831 337 2888 14:
360 2829 455 2886 Estne
480 2828 640 2886 advorsum
662 2826 711 2883 hic
734 2825 784 2898 qui
806 2823 885 2882 veuit
905 2819 1108 2897 [Palaestrio].
1155 2817 1219 2892 (Sic
1241 2817 1319 2884 scri-

161 2921 210 2986 bit
231 2921 458 2986 Fleckeisenus
480 2923 513 2985 in
535 2922 583 2986 ed.
609 2919 714 2984 Plauti
736 2917 771 2983 T.
795 2917 820 2995 Ι,
843 2915 942 2996 praef.
968 2920 1008 2980 23
1032 2934 1103 2980 cum
1125 2914 1316 2988 Fritzsohio)

161 3045 203 3071 =
225 3018 359 3082 obviam.
404 3016 558 3082 Similiter
584 3017 667 3101 Men.
691 3015 734 3095 ΙΙ,
763 3023 792 3095 3,
823 3021 878 3079 82;
912 3018 986 3074 Tum
1011 3014 1103 3075 facito
1131 3021 1199 3074 ante
1226 3015 1318 3074 solem

161 3136 300 3179 occasum
316 3126 349 3177 ut
363 3119 466 3178 raudus
480 3118 641 3178 advorsum
655 3119 737 3179 mihi.
758 3147 796 3158 -·-
816 3119 845 3177 2.
869 3110 983 3188 Quum,
1006 3109 1060 3189 qui
1083 3125 1190 3174 coram
1212 3107 1318 3186 aliquo
1391 3147 1394 3154 »

160 3214 282 3291 adstat,
305 3212 335 3276 ei
358 3214 401 3277 sit
423 3214 592 3291 adversus,
623 3212 739 3276 dicitur
762 3215 921 3273 adversum
944 3207 1040 3270 etiam
1063 3207 1104 3270 de
1125 3205 1317 3285 praesentia.

159 3310 256 3374 Ennii
275 3309 409 3388 Telephi
429 3308 467 3372 ir.
494 3317 551 3373 ll:
576 3313 639 3373 Ted
661 3315 758 3385 ipsum
781 3316 902 3385 oportet
924 3309 980 3366 hoc
1003 3306 1141 3380 profiteri
1163 3311 1195 3364 ot
1216 3306 1317 3378 prolo-

161 3412 211 3484 qui
232 3409 405 3469 Advorsum
427 3410 513 3468 a‘llam
535 3411 616 3468 mihi.
661 3407 764 3470 Plaut.
795 3403 908 3484 Amph.
936 3400 995 3479 ΙΙΙ,
1023 3405 1052 3480 2,
1083 3405 1136 3464 55:
1168 3405 1245 3462 Nam
1271 3403 1317 3462 ius

159 3508 316 3567 iurandum
338 3524 440 3567 verum
464 3512 490 3566 tc
515 3505 675 3567 advorsum
699 3506 775 3566 dedi.
820 3501 917 3564 Poen.
933 3497 959 3577 I,
977 3503 1006 3577 2,
1031 3501 1106 3562 188;
1131 3517 1167 3559 ne
1189 3499 1318 3557 mendax

160 3621 205 3662 mc
220 3605 380 3665 advorsum
396 3605 462 3664 siet.
507 3601 573 3666 Mil.
590 3602 644 3680 IV,
668 3607 697 3680 2,
721 3605 776 3664 88:
799 3619 836 3661 ne
851 3602 927 3660 haec
943 3603 1082 3658 censeret
1096 3615 1141 3656 me
1159 3596 1318 3656 advorsum

159 3718 190 3760 sc
211 3704 342 3776 mentiri,
364 3698 419 3762 ubi
441 3699 504 3763 vid.
526 3700 641 3779 interp.
666 3697 722 3779 (==
737 3695 916 3771 coramse).
939 3691 1010 3756 Aul.
1026 3691 1081 3770 IV,
1106 3697 1135 3769 7,
1157 3696 1189 3754 9:
1211 3693 1315 3766 Egone

159 3805 193 3858 ut
215 3803 241 3857 te
263 3800 425 3858 advorsum
445 3801 587 3875 mentiar,
621 3807 717 3858 mater
748 3795 836 3856 meai
880 3788 995 3854 Bacch.
1018 3788 1073 3867 IV,
1100 3794 1131 3866 4,
1155 3795 1189 3851 7:
1223 3791 1315 3848 Immo

160 3897 185 3955 si
208 3898 310 3957 audias
334 3913 409 3972 quae
434 3896 517 3955 dicta¹
537 3897 611 3956 dixit
631 3913 677 3956 mo
699 3896 859 3954 advorsum
881 3891 944 3962 tibi,
969 3883 1054 3964 quod
1072 3884 1219 3949 Handius
1235 3883 1316 3946 Tur-

158 3988 226 4054 sell.
254 3991 289 4054 T.
311 3992 341 4071 Ι,
363 4010 393 4071 p.
420 3995 477 4055 181
507 3991 554 4055 ita
583 3992 732 4072 explicat:
770 4007 816 4050 me
843 3993 1002 4062 praesente
1030 3985 1061 4042 in
1089 3989 1119 4040 te
1149 3984 1313 4042 absentem.

158 4085 275 4152 Bacch.
298 4087 324 4168 Ι,
348 4095 377 4168 2,
404 4093 456 4153 19;
480 4093 581 4150 Etiam
602 4092 668 4150 mad
689 4090 848 4148 advorsum
870 4082 1007 4144 exordire
1030 4079 1184 4154 argutias?
1217 4076 1313 4140 Poen.

159 4182 197 4264 V,
221 4187 249 4264 6,
276 4189 329 4248 18:
359 4189 509 4262 Numquid
530 4206 652 4252 recusas
674 4194 780 4250 nonha
801 4184 869 4244 me?
912 4175 976 4241 LY.
1004 4177 1163 4238 advorsum
1186 4176 1314 4251 quidem,

119 4265 125 4279 ¹
212 4283 297 4330 nortae,
312 4285 422 4335 syntaxis.
450 4286 468 4324 1.
1063 4281 1103 4338 14
