3070 4758
462 305 550 351 cusos
564 311 829 354 SUBS'PAMIVORUH.
843 331 869 342 -·
881 308 1016 352 DATIWS·
1255 313 1317 373 307

166 483 260 544 amico
282 484 397 543 unaue
419 486 514 546 smicu
533 488 620 549 nimis
642 485 695 550 fiet
715 487 823 562 ridelis,
843 487 908 548 Nec
930 486 989 546 erit
1010 482 1097 544 nimis
1119 477 1268 558 morigere
1290 487 1321 540 et

165 585 235 643 vote
256 583 419 658 qnisquam.
465 579 544 648 Octo
560 581 597 647 R.
613 582 650 647 R.
675 601 699 648 c.
722 588 757 651 4:
782 583 895 648 Vicluls
917 586 1008 644 bonus
1029 586 1103 642 esto.
1149 571 1183 642 (l.
1205 577 1238 640 6:
1263 578 1320 652 Qui

164 682 246 740 locus
268 679 339 738 vico
360 680 487 754 optimus
508 679 625 744 dicetur
647 701 714 745 esse
737 689 768 744 et
790 689 925 746 ostentus
949 679 1013 742 soli.
1050 673 1114 742 Ib.:
1136 679 1218 751 Ager
1240 677 1319 738 cleto

164 774 364 852 conserundo,
398 779 449 852 qni
470 781 501 840 in
522 787 641 841 ventum
662 781 826 842 Favonium
856 779 1021 855 spectabit,
1052 809 1095 850 ,-
1121 775 1197 836 elius
1224 773 1318 835 bonus

166 876 265 935 nullus
287 876 353 937 erit.
398 871 493 938 Ennii
516 873 696 942 Telamonis
717 874 754 942 fr.
779 880 813 940 6:
835 877 913 940 Num
934 877 978 937 its
999 875 1072 935 mihi
1085 872 1255 934 Telamonis
1276 903 1319 913 -

163 973 255 1033 Grata
280 979 326 1033 est
348 973 453 1048 gretie.
497 971 740 1056 PleutFregm.
756 972 861 1040 Vidul.
884 971 968 1038 ined.
991 972 1071 1052 Aug.
1094 965 1168 1032 Mei.
1190 983 1222 1050 p.
1238 969 1318 1034 496:

163 1071 228 1131 Teli
250 1073 276 1132 si
300 1088 336 1131 ec
357 1072 450 1132 tentis
473 1078 542 1134 tuae
566 1082 636 1136 sunt
659 1080 819 1136 consuetae
834 1092 939 1134 manus
956 1066 1024 1152 (qui
1040 1072 1146 1132 tamen
1162 1081 1231 1130 esse
1245 1079 1319 1146 pos·

162 1165 204 1230 sit
226 1165 320 1231 etism
345 1169 529 1250 ablativus).
574 1169 666 1238 Truc.
683 1169 725 1251 II,
751 1175 778 1248 1,
802 1173 857 1234 20:
879 1171 983 1247 Neque
1008 1169 1065 1229 erit
1088 1168 1242 1243 quicquum
1263 1181 1316 1226 un·

162 1284 248 1340 qnam
271 1271 380 1344 probus
403 1280 528 1348 amator,
550 1273 609 1333 uisi
630 1273 681 1348 qni
702 1289 736 1332 re
758 1270 909 1330 inimicust
932 1285 1012 1330 suae.
1050 1261 1142 1328 Truc.
1154 1259 1198 1342 ΙΙ,
1214 1262 1244 1342 2,
1260 1263 1316 1325 61:

162 1365 202 1423 At
223 1369 274 1439 pol
297 1385 349 1429 ero
370 1370 550 1431 benevolens
572 1375 605 1429 ut
622 1371 649 1432 is
673 1375 719 1431 est
742 1386 804 1431 suo.
848 1361 915 1429 Mil.
938 1361 999 1444 ΠΙ,
1024 1367 1052 1440 l,
1074 1363 1153 1426 205:
1179 1359 1237 1435 Qui
1259 1361 1317 1421 nisi

160 1463 304 1523 adulterio
332 1467 478 1528 studiosus
506 1467 550 1527 rcc'
578 1467 655 1527 culli
676 1467 785 1528 aliaest
807 1464 965 1541 inprobus,
996 1459 1036 1524 de
1064 1473 1126 1540 quo
1152 1455 1223 1525 loco
1244 1455 1316 1522 vide

160 1559 256 1624 etium
287 1559 381 1627 Heus.
405 1564 445 1628 ed
467 1562 584 1644 Reisig.
608 1581 639 1644 p.
666 1565 734 1642 186,
756 1559 861 1628 adnot.
885 1563 956 1626 215.
1000 1555 1115 1640 Amph.
1137 1553 1164 1637 i,
1189 1554 1218 1637 1,
1243 1557 1317 1620 132:

159 1661 242 1720 Haec
277 1678 335 1721 nox
371 1663 475 1724 scitust
511 1664 676 1724 exercendo
714 1668 814 1724 scorto
848 1661 994 1722 conducto
1025 1662 1112 1722 mule.
1155 1651 1252 1720 Poen.
1275 1649 1316 1732 V,

159 1760 188 1832 5,
216 1759 269 1820 37:
308 1760 364 1832 Qui
395 1762 462 1820 hnic
493 1779 525 1822 es
548 1765 699 1822 molestus.
742 1755 839 1824 Poen.
860 1755 898 1837 V,
921 1759 949 1836 3,
979 1757 1034 1821 15:
1070 1758 1194 1817 Oretum
1215 1753 1315 1814 ierunt

159 1855 253 1929 deum,
275 1860 309 1915 ut
331 1857 387 1917 sibi
410 1864 490 1918 esset
508 1861 650 1935 propitia.
693 1855 788 1923 Poen.
812 1853 850 1935 V,
874 1859 904 1936 4,
927 1857 982 1918 20:
1006 1862 1040 1917 ut
1060 1855 1169 1930 volupe
1191 1857 1240 1916 cst
1260 1849 1314 1910 ho·

158 1954 230 2013 mini
258 1955 331 2017 cett.
360 1951 431 2017 Aul.
454 1952 497 2034 ΙΙ,
520 1961 549 2034 2,
572 1959 628 2021 43:
662 1957 742 2018 bend
763 1957 904 2017 decorum
926 1951 1041 2016 facinus
1061 1955 1123 2014 tuis
1149 1946 1240 2012 factis
1255 2029 1259 2036 ι
1273 1947 1317 2009 ls-

159 2049 210 2110 cis.
254 2047 369 2115 Bacch.
392 2069 419 2114 v.
434 2055 511 2116 660:
533 2055 633 2115 Bonus
656 2055 695 2115 sit
717 2055 813 2128 bouis,
835 2053 934 2114 Melus
957 2053 997 2113 sit
1019 2051 1114 2113 mulis.
1157 2045 1254 2114 Poen.
1275 2042 1316 2124 V,

157 2149 265 2224 4,18:
296 2131 366 2210 nam
388 2152 459 2210 mihi
482 2157 528 2212 est
551 2152 703 2214 obnoxius.
747 2148 861 2215 Bacch.
884 2145 923 2229 V,
952 2152 982 2229 2,
1005 2151 1060 2213 80:
1095 2149 1141 2212 Ne
1172 2144 1316 2210 obnoxius

157 2244 218 2304 filio
248 2247 303 2306 sim
330 2255 361 2308 et
387 2267 486 2323 servo,
521 2247 562 2314 ad
590 2266 620 2329 q.
647 2247 667 2312 l.
691 2245 810 2314 Schm.:
845 2245 893 2327 „si
920 2245 984 2312 mei
1010 2242 1123 2327 flagitii
1151 2243 1216 2312 sint
1241 2258 1314 2306 con-

158 2338 243 2403 scii.“
288 2340 414 2408 Terent.
445 2344 541 2410 Andr.
569 2343 596 2426 Ι,
620 2349 649 2426 5,
673 2351 727 2412 59:
765 2349 824 2409 Seu
847 2347 902 2409 tibi
923 2348 1074 2422 morigere
1093 2341 1151 2406 fuit
1171 2343 1204 2402 in
1224 2341 1314 2402 rebus

160 2440 301 2500 omnibus.

244 2533 378 2603 Detivus
399 2539 446 2603 rei
462 2540 647 2606 coniunctus
664 2557 734 2606 cum
750 2539 856 2606 verbis
872 2560 940 2611 csse,
962 2541 1043 2610 darc,
1065 2541 1178 2608 ducere,
1199 2539 1312 2600 verim

161 2629 252 2694 simil.
299 2629 377 2700 (laic
400 2648 448 2717 tp.
472 2637 614 2704 Bolhuis.
636 2657 665 2719 p.
689 2643 740 2719 29,
761 2635 799 2704 is.
826 2644 879 2705 19:
917 2642 974 2714 Qui
996 2641 1143 2715 tantisper
1166 2639 1241 2699 nulli
1263 2637 1308 2696 rei

160 2731 229 2804 sies,
254 2731 320 2793 dum
343 2737 416 2797 nibil
443 2755 523 2813 agas.
568 2733 767 2802 Bolhuisius:
790 2737 902 2808 „Nullt
924 2739 961 2800 ut
982 2735 1028 2799 eit
1038 2733 1231 2812 Priscianus,
1251 2745 1310 2812 pro

156 2829 282 2899 nulllus,
303 2830 405 2910 possit
427 2836 534 2897 tamen
555 2833 585 2898 b.
608 2832 629 2897 l.
654 2851 725 2901 esse
747 2829 895 2914 dativus,
915 2837 992 2898 culli
1012 2836 1058 2895 rec·
1079 2849 1137 2913 pro
1159 2831 1312 2895 culitailf‘

158 2920 240 2988 Mihi
262 2945 386 3008 quoque
409 2929 534 2994 videtur
557 2949 627 2996 esse
649 2931 782 2998 dativus.
828 2931 906 2998 Ceto
927 2932 964 2997 R.
987 2931 1025 2998 R.
1049 2951 1074 2997 c.
1099 2934 1132 2997 3:
1161 2937 1192 2992 et
1213 2931 1258 2992 rei
1280 2925 1312 2990 et

157 3023 260 3082 virtuti
283 3031 314 3084 et
333 3029 447 3103 gloriae
471 3033 537 3104 erit,
562 3031 594 3092 eb
617 3025 694 3094 tolrb
717 3048 784 3113 gum
807 3026 948 3110 ilsrtipctl
970 3027 1088 3112 inmoti
1109 3026 1163 3092 bet
1186 3021 1311 3092 ttesmcs

161 3119 237 3198 gout
261 3117 310 3182 cic
338 3126 411 3187 cett.
434 3159 476 3170 --
500 3123 655 3209 geceldpeu.
701 3126 735 3193 O.
760 3133 813 3194 38:
849 3131 946 3208 virgus
976 3139 1007 3190 et
1037 3135 1200 3202 sarmenta,
1217 3131 1310 3202 ‘quse

157 3217 213 3276 tibi
235 3219 332 3278 usioni
354 3233 540 3300 supererunt,
556 3260 595 3270 -
608 3229 780 3288 comburito.
804 3225 907 3290 Pluut.
928 3225 1018 3307 Capt.
1035 3225 1094 3308 111,
1111 3231 1141 3305 4,
1158 3224 1215 3290 23:
1238 3225 1308 3298 Qni-

159 3315 213 3375 bns
235 3319 381 3392 insputari
405 3324 493 3383 soluti
515 3322 572 3384 iuit
594 3331 682 3400 utque
705 3327 730 3385 is
752 3323 872 3400 profuit,
897 3323 951 3388 ubi
971 3327 1076 3400 quibus
1090 3323 1236 3388 adsciscit
1250 3323 1312 3396 fcit

155 3411 318 3488 pertinere
341 3420 431 3480 notet
452 3415 587 3485 Ursinus
609 3439 639 3502 p.
664 3425 724 3486 245
754 3439 803 3502 up.
832 3420 935 3486 Rudd.
964 3441 994 3503 p.
1020 3427 1090 3487 142.
1135 3419 1225 3500 Cept.
1248 3417 1308 3499 ΙΙΙ,

156 3513 184 3585 4,
209 3515 261 3574 93:
292 3518 362 3590 quin
384 3517 456 3576 mibi
476 3519 518 3578 Et
537 3527 694 3594 parentum
717 3528 747 3581 et
770 3524 918 3583 libertatis
940 3529 1011 3598 sput
1033 3527 1062 3582 te
1087 3521 1217 3595 deliquio
1240 3521 1308 3580 sict.

156 3607 224 3671 Cas
248 3607 289 3688 II,
311 3617 340 3692 5,
366 3617 418 3676 19:
443 3618 586 3691 siqnidem
609 3625 641 3679 tu
665 3635 697 3680 es
720 3617 798 3698 frugi
821 3621 925 3694 bonae,
948 3644 991 3672 =
1012 3615 1039 3680 si
1061 3619 1097 3680 tu
1119 3615 1219 3682 virilis
1240 3631 1307 3678 ma·

155 3703 236 3768 ritus
259 3725 301 3774 es,
346 3708 422 3776 cist.
446 3710 500 3792 IV,
524 3717 552 3793 2,
576 3719 631 3780 23:
655 3719 757 3778 usuist.
803 3714 869 3779 Mil.
892 3716 934 3796 ΙΙ,
959 3719 987 3796 6,
1011 3719 1065 3780 12;
1095 3717 1197 3776 Metuo
1220 3717 1309 3775 illaec

155 3803 227 3863 mihi
249 3824 298 3868 res
322 3827 358 3868 ne
382 3813 460 3871 malo
483 3830 588 3888 magno
608 3813 680 3874 fust.
725 3812 819 3878 Poen.
836 3811 889 3894 IV,
913 3819 940 3885 2,
965 3817 1039 3879 100:
1061 3815 1122 3877 Uni
1143 3817 1241 3892 potius
1263 3814 1309 3870 ln·

157 3909 204 3962 tus
237 3921 289 3965 ero
313 3908 379 3967 odio
404 3925 491 3984 quem
513 3910 561 3970 bic
584 3912 638 3970 sim
660 3913 742 3974 vobis
766 3915 909 3976 omnibus.
949 3911 1045 3979 Pocn.
1067 3911 1105 3991 V,
1123 3915 1152 3990 3,
1170 3915 1222 3974 18:
1245 3911 1308 3970 Tuo

77 4053 84 4066 ,
158 4001 256 4073 pietus
285 4005 374 4077 plene
403 4004 537 4081 uobis⁰⁹)
562 4010 670 4068 auxilio
700 4009 765 4072 luit.
810 4008 902 4074 Truc.
926 4009 981 4090 IV,
1005 4017 1033 4091 3,
1057 4014 1111 4075 28:
1134 4015 1239 4084 meter,
1262 4012 1306 4068 in-

161 4143 357 4159 ἢ

154 4301 182 4355 ᾖ.
202 4222 262 4356 tw)
283 4222 327 4279 Sic
335 4225 414 4282 Both.
433 4233 505 4300 ΔΘΕ
525 4237 552 4286 et
571 4232 640 4302 vulg.
659 4233 738 4288 nobis
754 4237 846 4304 platee.
883 4236 959 4306 Ling.
980 4239 1093 4310 dcplcce
1114 4235 1149 4293 ud
1167 4234 1305 4292 vitandum

174 4317 201 4356 is
215 4319 267 4358 um.

1010 4411 1091 4474 20*-
