3040 4758
190 279 211 334 4
631 261 783 302 suasum.
812 259 876 302 ΟΔΡ.
891 260 909 300 1.

193 441 367 503 suduculum
390 437 490 512 flagri,
519 465 561 476 —
588 437 781 511 pristinorum
805 436 919 495 civitas.
955 430 1052 495 Most.
1074 427 1113 505 V,
1137 430 1170 504 2,
1193 428 1235 489 45
1258 429 1353 486 lutum

193 535 234 599 de
255 534 401 603 homine,
423 531 501 596 item
523 528 589 594 Mil.
613 529 661 611 ΙΙ,
685 534 719 609 3,
744 534 798 594 54:
828 533 904 604 Quia
926 531 996 589 ludo
1019 531 1091 587 luto.
1136 521 1229 592 Truo.
1252 519 1301 600 11,
1325 527 1354 600 7,

194 635 249 696 31:
272 635 355 692 Tune
377 633 422 692 ais
444 647 491 690 me
514 631 707 704 inpudentem
730 646 808 702 esse,
830 631 898 704 ipsa
918 644 993 702 quae
1017 627 1058 686 sis
1073 625 1222 686 stabulum
1236 625 1355 699 depici?

193 727 288 791 Truc.
312 726 359 804 Π,
383 729 416 804 6,
448 731 489 790 20
509 724 542 787 in
564 741 661 788 versu
682 723 922 804 corruptissimo
945 725 997 786 est
1016 738 1078 785 sac.
1103 720 1356 785 emendationem

193 822 303 888 Bothii
326 829 359 888 et
373 822 555 902 Kampanni
577 820 618 885 de
639 823 690 882 AB
711 837 821 901 praep.
844 838 873 900 p.
898 825 953 883 24:
979 822 1057 895 Quid
1080 820 1196 880 adhoc
1219 837 1292 894 egeo
1315 827 1356 892 te,

192 925 321 990 malum,
350 921 567 983 admonitrice?
609 917 705 982 Most.
728 917 761 996 I,
787 922 816 996 l,
839 921 879 982 39
914 935 1055 993 germana
1081 919 1208 976 inluvies
1237 914 1278 978 de
1300 912 1358 977 ho·

194 1017 289 1081 mine.
335 1015 406 1081 Cas.
429 1014 489 1095 III,
512 1021 543 1094 4,
568 1019 603 1079 2:
629 1018 686 1089 oui
709 1033 756 1075 me
780 1025 868 1092 atque
891 1033 1013 1076 uxorem
1036 1015 1229 1088 ludificatust,
1254 1013 1354 1073 lurda

197 1112 278 1178 Cum
302 1111 486 1177 Camerario
509 1119 596 1176 larua
619 1111 760 1192 positum
781 1111 928 1176 existimo
950 1129 1009 1190 pro
1028 1110 1156 1174 homine
1180 1109 1303 1172 larvato
1325 1110 1361 1171 et

197 1210 321 1274 insano.
365 1209 448 1273 Men.
471 1209 502 1288 Ι,
526 1213 563 1285 2,
587 1213 644 1273 24;
683 1212 739 1270 hoc
763 1212 800 1270 ad
823 1211 966 1272 damnum
988 1209 1156 1282 deferetur,
1191 1205 1276 1285 quod
1299 1207 1360 1282 est,

199 1310 238 1370 ut
259 1305 369 1371 Lamb.
395 1305 489 1385 expl,
511 1322 570 1385 pro
594 1309 699 1370 scorto
722 1305 882 1370 damnoso.
927 1303 1024 1370 Bach.
1046 1303 1101 1384 IV,
1125 1308 1155 1384 9,
1181 1308 1256 1367 131:
1281 1305 1361 1364 scivi

197 1423 253 1480 ego
269 1407 327 1465 iam
343 1406 450 1465 dudum
467 1404 532 1465 fore
549 1423 596 1465 me
612 1406 736 1466 anillam
751 1407 905 1480 Pergamo.
951 1403 1043 1466 Truc.
1057 1400 1099 1477 11,
1121 1407 1149 1480 7,
1171 1405 1227 1464 50:
1250 1405 1360 1462 Meoue

197 1520 266 1576 ero,
288 1503 430 1576 inprobe,
457 1509 491 1562 tu
513 1504 694 1564 maledicere
717 1503 824 1575 audes,
853 1502 921 1573 fores
941 1501 997 1561 uili
1018 1505 1047 1560 cl
1061 1501 1201 1574 peracri?
1244 1496 1361 1562 Bacch.

197 1596 240 1676 11,
265 1602 294 1676 3,
320 1602 362 1661 49
385 1598 492 1674 fungus
516 1597 557 1661 de
579 1596 706 1660 homine
728 1597 856 1677 inepto,
880 1598 957 1660 item
977 1596 1014 1676 V,
1041 1601 1068 1675 1,
1093 1599 1121 1659 2.
1151 1631 1193 1642 -
1220 1593 1312 1659 Cure.
1334 1591 1362 1673 Ι,

183 1697 229 1772 ,1,
253 1697 292 1757 78
316 1692 356 1756 de
373 1693 544 1758 meretrice
560 1693 702 1757 ebriosa:
728 1695 820 1766 Quasi
842 1701 875 1753 tu
895 1696 1053 1767 capuanum
1075 1695 1167 1767 dicas,
1191 1695 1241 1754 uhi
1263 1695 1364 1753 viuum

200 1794 279 1852 solet
301 1791 407 1852 Chium
430 1809 506 1853 esse.
553 1788 623 1854 Cas.
646 1789 689 1868 ΙΙ,
715 1794 743 1867 l,
770 1793 822 1852 12:
852 1790 961 1851 faciam
983 1797 1029 1863 ut,
1053 1792 1178 1866 proinde
1201 1798 1234 1851 ut
1257 1791 1364 1865 dignus

199 1893 262 1963 est,
290 1890 382 1949 vitam
413 1891 514 1964 Colat,
544 1889 727 1951 Acheruntis
747 1888 899 1962 pabulum.
943 1885 1238 1965 Rud.111‚4,2a:
1273 1889 1365 1947 etiam

200 1986 367 2059 opprobras
390 1987 463 2061 rim,
489 1989 587 2062 flopitc'
607 1985 791 2060 liuprando?
834 1981 931 2047 Poeu.
953 1982 992 2061 V,
1017 1988 1045 2061 5,
1071 1987 1125 2048 30:
1162 1986 1271 2058 upum,
1299 1986 1366 2044 iin

201 2085 311 2142 melum
334 2099 470 2157 crucem,
493 2097 576 2161 quae
599 2087 649 2146 est
668 2077 856 2162 significatio
871 2080 932 2145 viri
952 2079 1061 2160 pusilli
1082 2086 1115 2143 et
1136 2077 1366 2146 contemnendi.

199 2175 290 2240 Pers
314 2175 376 2252 IV,
401 2183 436 2257 3,
465 2181 521 2244 64:
558 2198 717 2255 numquam
745 2197 800 2253 ego
827 2185 858 2240 te
884 2186 945 2239 tum
974 2196 1040 2240 esse
1068 2182 1214 2241 matulam
1241 2179 1365 2240 credidi.

199 2271 290 2338 Pers.
305 2271 350 2353 ΙΙ,
374 2278 403 2354 2,
428 2278 486 2339 56:
508 2279 599 2339 Mers
622 2282 654 2338 tu
675 2275 789 2338 mala’s.
833 2274 947 2339 Pseud.
964 2274 1020 2354 IV,
1046 2281 1073 2354 1,
1096 2280 1153 2339 44;
1175 2277 1265 2337 Μαῖα
1284 2293 1369 2336 merc

202 2379 258 2432 est.
306 2369 377 2436 Cas.
401 2370 466 2453 ΙΠ,
489 2376 523 2452 6,
548 2377 607 2438 22:
645 2375 715 2434 novi
743 2375 840 2434 malos
870 2392 925 2448 ego
955 2376 1024 2435 illas
1050 2374 1156 2434 mercis
1179 2370 1367 2448 (mulieres).

201 2466 296 2533 Truc.
312 2467 355 2546 11,
371 2474 401 2548 4,
427 2475 484 2534 55:
508 2468 660 2532 Omcrces
674 2471 792 2530 malae!
828 2469 943 2533 Bacch.
959 2468 996 2547 V,
1021 2474 1050 2548 2,
1074 2474 1130 2534 33:
1156 2472 1371 2545 Quamquamst

152 2599 156 2606 ·
201 2572 324 2628 mortem
354 2569 520 2644 amplexari
548 2565 642 2642 (he.
673 2581 782 2629 senem
810 2567 1030 2647 decrepitum).
1076 2565 1171 2630 Poen.
1201 2565 1231 2644 Ι,
1264 2569 1300 2645 2,
1326 2569 1370 2629 60
1413 2567 1417 2574 ’

201 2666 379 2739 propudium
403 2680 462 2743 pro
483 2662 612 2727 homine
635 2663 785 2742 scelesto,
815 2665 893 2728 item
915 2664 1029 2728 Bacch.
1053 2662 1108 2741 IV,
1131 2669 1158 2742 1,
1183 2668 1201 2726 7
1212 2683 1219 2726 :
1242 2665 1279 2725 ut
1300 2665 1369 2738 pul-

202 2768 251 2821 sat
273 2763 465 2837 prepuuum.
516 2760 633 2826 Pseud.
661 2759 692 2834 I.
721 2768 756 2840 2,
786 2767 843 2826 70:
876 2765 953 2836 Quin
981 2762 1182 2823 conveniunt?
1216 2763 1287 2836 quin
1309 2777 1371 2822 una

202 2875 306 2918 omnes
316 2865 399 2934 peste
414 2861 470 2921 hac
489 2862 632 2935 populum
648 2861 800 2922 liberant?
845 2858 916 2922 Aul.
932 2858 958 2929 Ι,
978 2863 1005 2937 l,
1030 2860 1049 2920 6
1073 2861 1259 2920 stimulorum
1282 2877 1370 2933 seges

202 2953 244 3018 ah
258 2953 412 3019 Euclione
435 2955 618 3035 appellatur
632 2955 786 3036 Staphyla
808 2973 897 3019 anus.
926 2953 1008 3017 Rud.
1032 2953 1076 3032 ΙΙ,
1104 2958 1133 3031 2,
1158 2960 1214 3019 21;
1239 2958 1366 3018 sceleris

204 3071 316 3114 semen.
362 3053 449 3116 Asin.
472 3052 516 3131 V,
540 3056 574 3129 2,
596 3055 654 3116 42:
689 3057 770 3114 Perii
793 3056 916 3113 misera:
954 3059 985 3112 ut
1012 3056 1185 3113 ausculatur
1216 3053 1370 3127 carnufex,

202 3152 305 3223 cupuli
326 3152 422 3218 deuo,
444 3147 484 3210 da
508 3164 595 3211 sene.
640 3147 707 3210 Mil.
731 3147 790 3226 111,
815 3152 844 3226 3,
867 3151 923 3210 65:
955 3149 1046 3210 decus
1068 3152 1164 3225 popli,
1188 3152 1368 3211 thensaurus

204 3248 375 3322 copiarum,
399 3247 486 3307 Salus
510 3246 584 3309 cett.
627 3242 744 3309 Pseud.
765 3244 796 3315 Ι,
819 3249 854 3324 4,
881 3248 936 3310 19:
973 3248 1021 3307 Ex
1043 3248 1100 3307 hoc
1122 3248 1254 3322 sepulcro
1275 3252 1373 3307 uetera

203 3342 311 3418 viginti
333 3344 428 3405 minas
450 3341 609 3404 chodiem
638 3360 693 3418 ego
716 3345 820 3419 hodie,
854 3340 894 3406 de
922 3359 1008 3408 sene.
1054 3341 1145 3408 Ourc.
1173 3342 1220 3422 V,
1248 3347 1284 3422 2,
1315 3346 1374 3406 76;

204 3439 266 3500 Sed
286 3456 390 3500 eccum
405 3443 553 3516 lenonem,
576 3443 699 3515 incedit,
722 3443 917 3503 thoracarum
934 3458 1039 3502 meum.
1063 3438 1179 3504 Bacch.
1196 3439 1235 3518 V,
1259 3445 1288 3518 2,
1313 3444 1370 3504 57:

207 3537 291 3611 Sine,
315 3553 382 3597 mea
397 3538 511 3612 platea
540 3545 571 3600 te
594 3555 730 3614 exorem,
758 3537 844 3617 quod
865 3540 917 3601 est
942 3535 1143 3628 blandieutiS.
1188 3535 1298 3601 Simile
1320 3540 1372 3601 est

205 3631 294 3709 quod
308 3631 499 3714 Bernhardy
521 3631 617 3698 affert
639 3633 807 3700 eGraecis
830 3637 911 3716 synt.
935 3650 965 3713 p.
980 3637 1040 3698 46:
1062 3629 1088 3695 a
1110 3624 1243 3714 φιλότης.
1279 3632 1370 3699 Pers.

206 3725 247 3808 V,
273 3733 300 3808 1,
326 3732 381 3794 13:
405 3732 509 3793 oculus
531 3749 623 3794 mens.
668 3730 784 3796 Pseud.
807 3731 834 3811 I,
857 3735 887 3810 2,
910 3733 951 3794 46
975 3745 1037 3809 sq.:
1067 3733 1118 3792 uhi
1139 3733 1191 3792 isti
1214 3741 1284 3794 sunt
1305 3733 1371 3808 qui·

205 3826 263 3888 hus
278 3845 331 3888 ros
348 3829 429 3889 oculi
444 3831 527 3904 estis,
553 3831 666 3904 Quibus
681 3833 858 3906 eluceatis,
884 3830 990 3906 quihus
1010 3830 1141 3898 deliciae,
1164 3832 1255 3903 savia,
1278 3845 1371 3889 mam·

206 3924 308 3986 millae
332 3925 486 3987 mellitae?
528 3923 626 3990 Most.
649 3925 675 4006 1,
698 3930 729 4006 4,
755 3931 808 3991 12:
836 3929 883 3990 Oh
904 3928 951 3989 oh
982 3929 1098 3989 ocellus
1121 3945 1153 3988 es
1176 3944 1274 3988 meus:
1301 3932 1371 3987 tuus

207 4037 272 4080 sum
293 4023 438 4098 alumnus,
461 4026 521 4084 mel
540 4042 647 4086 meum.
691 4022 780 4088 Asin.
803 4021 863 4102 111,
887 4026 916 4102 3,
941 4026 1019 4087 101;
1042 4025 1088 4084 Mi
1108 4025 1233 4098 Libane,
1256 4024 1372 4085 ocellus

207 4132 335 4191 aureus,
357 4119 466 4181 donum
489 4121 640 4198 decusque
663 4123 783 4184 amoris.
827 4119 923 4184 Most.
944 4119 971 4199 I,
994 4124 1023 4200 3,
1048 4124 1103 4184 11:
1137 4123 1213 4182 Volo
1236 4138 1283 4181 me
1304 4122 1372 4194 pla·

208 4229 278 4274 cere
301 4213 477 4293 Philolachi,
499 4235 567 4282 meo
590 4219 697 4282 ocello.
740 4215 856 4284 Bacch
879 4233 909 4281 v.
933 4219 974 4281 27
996 4231 1061 4296 su:
1093 4234 1277 4294 cormeum,
1300 4234 1371 4293 spes
