3004 4764
210 221 284 285 43⁶0
463 262 467 270 .
664 209 879 266 ,rpouorauga
893 210 950 264 ra,
1466 186 1473 239 ἕ

223 381 356 452 rabbu.
378 379 507 460 Terent.
528 382 656 466 Pham.
678 382 718 464 V,
741 389 772 464 9,
796 387 852 448 27:
897 386 973 449 Nam
992 399 1091 460 penno
1114 387 1304 462 neglegentia
1328 392 1388 448 tua

208 499 319 567 „noque
341 482 409 543 odio
424 483 455 544 id
470 482 544 547 tecit
566 492 627 558 tuo,
650 481 704 548 ubi
720 482 911 560 ‚uepbpebtia
926 487 984 552 ,tue
1006 485 1067 560 est,
1088 497 1153 559 (itt
1173 483 1211 546 tn
1231 480 1383 562 bedige-
1468 424 1475 585 i

221 576 269 647 ris
291 581 325 644 et
347 581 447 641 mium
469 585 561 658 turbu,
584 595 647 660 uuo
670 583 707 644 tu
729 577 802 642 odio
824 577 962 657 haberis,
985 597 1015 644 v.
1037 576 1186 646 Rnddim.
1204 596 1237 658 p.
1259 583 1312 647 50.

206 735 214 744 .
325 681 375 745 14.
419 679 588 740 Probum
608 679 779 750 repertum
806 675 840 740 in
861 674 962 741 latina
987 673 1098 756 lingua
1118 693 1182 746 non
1203 680 1295 750 erint
1314 675 1383 743 nisi

206 771 339 840 ‚auae
359 790 529 854 personae,
558 791 630 840 enm
653 773 686 838 in
709 771 840 852 reliquis
861 771 1010 854 personis
1031 777 1189 854 congruat
1209 791 1282 846 unm
1302 791 1383 854 por·

216 869 330 939 mooli.
374 869 426 936 sio
448 869 552 936 Plaut
576 870 691 952 Amph.
714 869 774 948 ΠΙ,
797 875 827 950 2,
851 873 909 934 26:
932 873 1005 934 Cum
1020 889 1065 944 ,ea
1081 880 1115 933 tu
1136 889 1381 942 sermonumpee
1476 919 1479 943 η,

218 970 286 1034 iooo
309 986 366 1028 noo
389 971 468 1032 aerio
489 971 556 1030 Tibi
577 971 701 1046 habeas,
723 967 766 1035 ad
788 985 817 1048 q.
842 967 862 1032 l.
886 967 947 1032 vid.
970 967 1114 1032 Lindem.
1137 969 1263 1034 Terent.
1279 969 1375 1034 Andr
1472 1004 1475 1013 ·

217 1063 274 1144 IV,
299 1069 327 1143 1,
350 1069 386 1130 2:
423 1069 585 1130 Proxumus
607 1087 673 1130 snm
695 1075 812 1144 egomet
831 1069 904 1126 mibi
925 1063 968 1145 (v.
992 1065 1093 1130 Roob
1117 1065 1160 1144 ΙΙ,
1182 1085 1214 1147 p.
1237 1071 1288 1144 52,
1310 1066 1371 1133 ad·
1476 1028 1479 1150 i

218 1165 285 1228 not.
306 1161 372 1238 26).
401 1161 547 1228 Pertinet
566 1168 675 1228 antem
696 1162 758 1228 hue
778 1168 908 1244 praeter
928 1181 1102 1244 pronomen
1121 1169 1292 1244 personabo
1313 1181 1377 1228 re··
1476 1157 1478 1198 f

219 1257 367 1326 dexivnm
390 1263 438 1323 uui
451 1263 509 1322 sibi
522 1281 553 1324 eo
568 1263 662 1326 otiam
684 1261 901 1342 possessivum
923 1281 1004 1339 suus,
1028 1261 1113 1340 qnod
1132 1262 1206 1326 inde
1221 1261 1378 1342 originem
1477 1239 1479 1349 i

208 1356 335 1438 ,traxit
362 1356 453 1422 euius
476 1359 626 1440 antiquae
654 1357 774 1422 formae
802 1363 912 1422 extant
937 1359 1024 1438 apud
1046 1359 1185 1425 Ennium
1205 1363 1248 1424 aie
1269 1367 1304 1424 et
1324 1378 1379 1422 sos
1478 1392 1479 1404 .

220 1457 262 1532 (v.
286 1453 438 1521 Schmidt.
463 1455 503 1522 de
524 1475 666 1537 pronom.
688 1475 719 1537 p.
742 1458 803 1535 17),
826 1456 930 1520 annal.
953 1474 983 1522 v.
1009 1461 1085 1520 150:
1108 1461 1221 1523 lumina
1240 1461 1282 1520 ais
1303 1477 1376 1525 oen-
1473 1460 1476 1481 ¹

207 1556 257 1636 ¹lis
291 1555 390 1630 (Fest.
413 1554 447 1618 in
467 1555 625 1635 excerptis
652 1553 745 1618 Pauli
766 1553 900 1620 Diaconi
928 1571 958 1634 p.
982 1559 1042 1618 301
1067 1553 1123 1630 M.)
1161 1560 1195 1618 et
1217 1555 1319 1620 annal.
1345 1575 1375 1620 v.
1474 1564 1477 1574 “

221 1654 297 1716 103;
320 1653 450 1730 Virginis
473 1672 541 1716 nam
563 1656 620 1716 sibi
642 1657 766 1730 quisque
790 1655 870 1713 domi
892 1654 1042 1714 Romanus
1058 1655 1149 1714 habet
1167 1673 1217 1716 sos
1238 1653 1325 1728 (ibid.
1342 1671 1374 1733 p.

217 1750 305 1826 325).
328 1747 512 1830 Usnrpatnr
526 1755 634 1815 autem
649 1767 825 1828 pronomen
845 1747 1029 1816 reflexivum
1050 1755 1085 1816 et
1104 1751 1138 1815 in
1151 1749 1376 1814 enunciatione

218 1845 364 1925 simplioi,
387 1847 415 1912 si
438 1854 496 1912 aut
516 1846 658 1912 retertur
680 1847 722 1910 ud
743 1846 920 1912 subiectum
948 1847 1180 1912 enunciationis
1203 1849 1278 1926 (quo
1302 1865 1376 1926 spe-

219 1947 287 2008 otat
309 1944 405 2008 etiam
428 1944 622 2010 constructio
644 1944 819 2008 accusativi
841 1963 913 2010 oum
934 1941 1104 2024 infinitivo,
1132 1945 1214 2010 siin
1237 1951 1375 2024 utraque

209 2039 438 2114 ¹enuntiatione
461 2040 544 2106 idem
566 2044 618 2106 ost
638 2040 842 2122 subiectum),
863 2042 977 2108 autad
991 2042 1090 2106 alium
1105 2042 1249 2121 quemvis
1264 2059 1373 2108 casum

219 2136 422 2216 substantivi,
445 2137 530 2218 quod
552 2138 658 2204 estin
680 2138 913 2218 enuntiatione,
934 2144 969 2204 et
983 2141 1016 2204 in
1038 2139 1269 2204 enuntiationis
1288 2157 1374 2216 oom-

220 2233 346 2316 positae
367 2240 460 2314 parte
481 2234 684 2315 secundaria,
706 2235 734 2298 si
755 2235 899 2316 pertinet
920 2237 961 2300 ad
981 2237 1162 2302 subiectum
1183 2237 1287 2316 partis
1307 2237 1373 2316 pri-

219 2331 350 2412 mariae,
373 2339 530 2412 qnatenus
552 2351 627 2414 pars
647 2333 703 2398 illa
725 2334 828 2398 altera
849 2333 896 2398 ita
918 2337 968 2398 est
989 2352 1152 2415 expressa,
1174 2339 1212 2399 ut
1232 2335 1373 2416 pendeat
1476 2343 1477 2364 ³

220 2454 259 2500 ex
281 2432 475 2512 cogitatione
497 2431 565 2496 sive
579 2431 771 2499 efficacitate
794 2431 885 2512 qnasi
900 2431 1035 2496 subiecti
1057 2432 1211 2513 primarii,
1228 2450 1372 2496 nonnun-

219 2549 313 2612 quam
335 2531 417 2596 adeo
439 2529 486 2594 ita
507 2538 545 2594 nt
564 2528 624 2595 hoo
646 2531 824 2596 subiectum
846 2546 910 2594 non
932 2529 975 2592 sit
999 2531 1242 2610 grammaticum
1268 2528 1374 2594 forma

218 2626 404 2697 nominativi
426 2645 629 2708 expressum,
665 2629 722 2694 sed
755 2627 892 2708 logicum
915 2631 1058 2704 tantum,
1092 2627 1178 2708 qnod
1199 2627 1317 2692 dieitur
1337 2632 1374 2692 et

217 2727 403 2808 cogitatum.
446 2725 563 2790 Rarius
585 2730 650 2805 ast,
687 2724 715 2790 si
747 2724 931 2790 reflexivum
956 2723 1096 2790 refertur
1122 2726 1165 2790 ud
1191 2725 1372 2790 subiectum

218 2824 447 2890 enuntiationis
483 2839 694 2904 praegressae
731 2823 778 2886 ita
806 2828 842 2886 ut
872 2828 1009 2902 utraque
1040 2823 1221 2888 enuntiatio
1247 2840 1308 2903 per
1334 2839 1372 2886 se

217 2926 351 3002 cumbet,
373 2925 490 2986 neutra
511 2920 552 2986 ab
574 2919 677 2984 altera
697 2920 740 2984 sit
761 2925 845 3001 apta
880 2919 1051 2984 Ordiamur
1072 2921 1195 2986 abusu
1216 2919 1250 2982 in
1271 2935 1372 2984 enun-

207 3020 352 3090 babone
374 3018 518 3100 simplici.
542 3017 641 3100 Legg.
664 3016 728 3082 XII
750 3018 837 3082 tubb.
860 3017 898 3096 V,
920 3014 959 3080 fr.
975 3023 1011 3084 4:
1035 3021 1091 3080 Cui
1111 3037 1184 3082 sura
1205 3021 1293 3082 heres
1313 3035 1370 3078 nee

217 3123 267 3198 sit,
289 3137 319 3184 v.
342 3117 446 3182 locum
468 3117 678 3196 Digestorum
700 3132 721 3178 a
741 3113 916 3180 Dirksenio
935 3115 1111 3183 laudatum.
1132 3115 1232 3182 Naev.
1254 3113 1294 3180 ir.
1308 3114 1371 3180 ine.

207 3216 278 3286 tab.
303 3221 332 3293 3,
355 3233 384 3278 V.
411 3218 470 3278 110
491 3231 542 3294 ap.
566 3213 647 3278 Geli
669 3212 725 3293 VI,
747 3217 781 3278 8:
812 3233 879 3276 enm
900 3233 973 3278 arae
993 3222 1082 3292 pater
1104 3233 1171 3276 oum
1192 3217 1287 3290 pallio
1308 3231 1367 3274 nuo

213 3319 253 3381 ab
276 3317 372 3379 amioa
393 3315 525 3376 abduxit.
571 3310 650 3376 Cato
672 3310 710 3375 R.
733 3311 771 3376 R.
793 3329 821 3375 e.
844 3315 878 3377 2:
914 3322 1067 3391 centones,
1089 3314 1262 3374 ononliones
1283 3310 1369 3371 fumi

211 3417 285 3478 liam
307 3414 476 3488 oportuisse
497 3411 557 3472 eibi
575 3411 701 3484 ,smoira
724 3409 780 3473 ubi
800 3411 859 3472 sibi
880 3413 1007 3489 spectat
1028 3409 1069 3474 ad
1091 3411 1251 3483 fontibus
1280 3406 1316 3472 G.
1338 3411 1358 3473 5

212 3510 279 3574 Suo
300 3517 401 3572 servet
422 3510 590 3584 diligenter.
613 3505 675 3572 Ib.:
696 3511 740 3568 uti
761 3526 816 3570 sao
836 3509 959 3582 praem
979 3511 1047 3573 loeo
1069 3509 1167 3572 cubet.
1213 3504 1248 3568 G.
1277 3511 1309 3570 7:
1332 3507 1367 3567 ln

211 3611 318 3673 eodem
340 3605 432 3669 fundo
458 3623 547 3666 suam
573 3607 715 3680 quidquid
743 3609 861 3671 conseri
889 3613 1023 3682 oportet,
1058 3599 1136 3671 ailad
1163 3601 1215 3682 [stt
1243 3599 1370 3684 betolio

208 3700 360 3786 ,postrata
406 3699 441 3764 C.
464 3705 520 3764 48:
543 3701 639 3764 &aaa
660 3705 802 3780 quidquid
824 3723 918 3780 genus
939 3705 1087 3768 alearum
1110 3705 1213 3766 serito.
1258 3698 1294 3767 C.
1315 3705 1373 3768 33:

209 3805 357 3868 Saliotum
377 3819 432 3862 saro
456 3805 582 3884 tempore
601 3801 721 3874 caedito
743 3805 817 3866 cett
845 3799 941 3864 Ennii
961 3797 1000 3866 ir.
1024 3807 1106 3880 trag.
1130 3817 1158 3864 v.
1183 3803 1259 3862 186:
1282 3799 1371 3864 Unde

211 3903 270 3962 aidi
291 3901 395 3976 populi
417 3908 448 3958 et
469 3915 557 3972 reges
580 3900 736 3958 eonsilium
757 3907 912 3975 expetunt.
953 3895 1288 3974 Plonti'rin.11,2‚
1311 3900 1368 3964 ab:
1477 3935 1479 4038 ἱ

210 4000 258 4063 Ne
280 4004 372 4058 noetn
393 3999 468 4056 irem
489 3996 709 4059 obambulatum
730 4014 790 4061 neu
802 4014 892 4060 aum
912 3998 1073 4061 utmorem
1095 3998 1194 4071 atteri,
1215 3993 1247 4058 b
1263 4011 1291 4059 e.
1311 4011 1369 4058 ne-

210 4093 336 4178 gotium
368 4092 438 4166 sive
464 4108 534 4159 rem
559 4109 663 4157 suam.
705 4091 821 4174 Ampb
850 4093 877 4173 1,
907 4099 936 4172 1,
965 4098 1021 4160 39;
1064 4095 1197 4168 benique
1227 4093 1369 4166 proban

211 4193 326 4264 ,Creoni
345 4207 470 4266 regnum
492 4191 639 4259 stabilivit
657 4207 755 4265 maur.
799 4190 892 4254 Troe
914 4189 959 4269 Π,
981 4194 1012 4268 6,
1035 4193 1092 4264 2,5;
1127 4190 1373 4264 machumet
1478 4170 1479 4225 i

23 4291 28 4404 ἱ
