3058 4766
196 289 236 346 36
624 279 778 319 SUBSTAN'I'.
800 278 862 319 GAP.
877 277 918 318 111.

195 453 216 517 1.
245 452 274 530 Ι,
302 451 340 516 ir.
373 455 427 516 16:
462 456 535 514 (ium
561 460 646 515 veter
675 455 813 514 occubuit
844 455 977 514 Priamus
1005 456 1058 514 aad
1086 456 1187 514 Marte
1211 455 1346 530 Petason.

196 552 329 616 Medeae
352 549 452 615 exulis
474 548 512 614 ir.
537 555 570 614 6:
599 551 653 613 sub
676 553 775 610 armis.
820 549 922 614 Plaut.
945 549 1060 614 Pseud.
1083 549 1126 627 ΙΙ,
1155 555 1184 628 4,
1210 557 1263 616 115
1293 557 1347 616 sub

198 653 298 727 signis.
344 647 427 712 Men.
451 648 488 727 V,
513 654 541 726 5,
565 652 621 712 405
656 649 709 709 suh
731 648 824 710 furca.
868 645 963 712 Most.
986 646 1046 725 ΙΙΙ,
1070 651 1099 728 2,
1122 653 1180 712 78:
1211 654 1264 711 sub
1288 654 1346 714 diu.

195 745 281 810 Pers.
305 765 333 810 v.
358 749 433 810 8555
469 749 522 807 sub
545 747 648 809 iureis.
694 743 808 808 Pseud.
833 741 857 822 Ι,
883 750 910 823 1,
937 750 991 810 13:
1026 745 1087 808 Sao
1109 749 1236 808 Veneris
1258 769 1348 824 55955

197 849 314 920 vapulo,
338 863 395 906 non
419 848 581 908 55515515.
627 843 740 910 (155511.
765 845 843 912 sat.
867 840 1071 907 1515151515.
1097 847 1150 908 185
1181 848 1276 922 Saepe
1300 856 1348 909 est

199 944 289 1002 etiam
311 941 366 1005 auh
387 945 510 1016 paruolo
531 945 649 1004 sordido
672 947 826 1021 sapientia.
872 942 998 1006 Terent.
1022 940 1155 1022 Adelph.
1179 942 1217 1022 V,
1245 947 1275 1020 8,
1307 948 1347 1008 26

200 1037 250 1109 (cf.
273 1038 409 1119 Herzog.
433 1040 474 1103 ad
496 1038 586 1104 Caes.
608 1058 638 1121 p.
663 1044 750 1118 583)5
783 1045 882 1119 Agelli
905 1047 952 1101 est
975 1042 1191 1103 5155555515
1216 1045 1347 1118 paulum,

199 1134 228 1197 h.
252 1153 279 1199 e.
303 1135 343 1200 ad
365 1137 487 1216 urbem,
509 1155 609 1218 prope
635 1139 754 1217 urbem,
777 1157 806 1202 v.
823 1137 955 1202 Ruhnh.

286 1234 381 1309 Super
403 1252 473 1300 cnm
497 1234 634 1299 ablativo
659 1237 858 1301 coniunctum
882 1253 1009 1314 semper
1035 1234 1133 1299 habet
1158 1234 1346 1299 translatam

197 1328 459 1411 significationem
489 1332 635 1412 idemque
667 1331 824 1414 significat
850 1333 934 1412 quod
957 1333 1007 1403 de,
1041 1329 1126 1404 ibet,
1159 1329 1192 1395 in
1221 1328 1347 1412 21555511.

197 1427 276 1492 Cato
304 1435 414 1494 contra
436 1428 573 1494 Annium
605 1449 654 1510 ap.
682 1431 813 1496 Festum
837 1449 865 1511 p.
891 1435 951 1495 305
979 1449 1008 1496 v.
1035 1433 1220 1507 Superescit:
1251 1433 1346 1492 Nemo

198 1536 296 1587 autem
319 1527 392 1589 fecit
414 1547 502 1603 saper
524 1530 578 1589 tad
599 1549 632 1591 rc
654 1550 720 1591 cum
743 1532 799 1591 hoc
822 1534 996 1607 magistratu
1018 1533 1120 1605 utique
1142 1548 1213 1590 rem.
1240 1526 1345 1592 Plaut.

198 1621 293 1688 Most.
317 1642 344 1687 5.
370 1629 447 1689 1285
473 1629 528 1687 Vix
549 1630 669 1689 tandem
692 1631 816 1704 percepi
838 1631 1099 1702 asportaretur
1120 1629 1229 1687 5551515
1250 1634 1280 1686 55
1302 1631 1347 1688 15-

198 1725 256 1797 qui.
301 1722 367 1786 Mil.
384 1722 438 1801 IV,
463 1729 491 1802 5,
517 1729 569 1789 135
592 1744 676 1802 quom
702 1745 738 1786 cx
761 1729 869 1787 virtute
892 1726 1005 1787 formae
1029 1727 1059 1785 id
1081 1727 1180 1785 evenit
1202 1727 1257 1785 tibi
1278 1727 1349 1784 Mea

198 1837 291 1895 opera
312 1839 399 1896 saper
421 1825 477 1882 hac
497 1824 605 1884 555155.
639 1821 753 1888 Bacch.
769 1821 812 1900 ΙΙ,
831 1827 857 1901 1,
875 1825 910 1885 85
935 1841 1020 1900 quem
1037 1824 1074 1883 ad
1091 1825 1247 1898 epistulam
1263 1825 1349 1882 Mne·

196 1918 326 1980 silochus
350 1921 445 1981 missit
467 1939 554 1995 saper
576 1923 673 1981 amico
686 1922 845 1982 Bacchide.
890 1919 1004 1984 Bacch.
1020 1917 1079 1995 ΙΙΙ,
1100 1924 1130 1998 6,
1151 1924 1204 1984 33:
1228 1923 1347 1981 missine

198 2033 252 2091 ego
275 2019 311 2077 55
334 2025 363 2077 55
392 2036 429 2077 en
451 2020 572 2094 Epheso
600 2021 756 2094 epistulam
782 2019 877 2093 Super
906 2021 1016 2088 amico,
1051 2026 1084 2078 nt
1113 2020 1153 2078 mi
1179 2018 1350 2080 invenires?

196 2111 291 2192 11,3‚
318 2120 386 2180 133.

283 2213 387 2276 Etiam
410 2220 493 2274 tenos
516 2230 587 2276 cum
609 2212 669 2277 ahi.
694 2215 895 2279 coniunctum
917 2212 980 2278 huc
1001 2214 1155 2294 pertinet,
1183 2216 1220 2276 55
1242 2213 1347 2278 Plaut.

195 2307 278 2373 Men.
302 2309 340 2390 V,
365 2316 393 2389 2,
420 2315 495 2374 106:
518 2331 584 2374 5555
609 2320 703 2373 55555.

285 2411 329 2471 18.
368 2407 554 2487 Sequuntur
577 2410 727 2475 adverbia
751 2429 802 2487 55,
826 2428 907 2490 quae
930 2410 1061 2475 ablativi
1083 2408 1215 2474 formam
1238 2408 1350 2472 indue·

197 2513 279 2568 runt.
314 2509 388 2582 Qua.
426 2505 504 2570 Cato
520 2506 557 2571 R.
573 2507 610 2572 R.
627 2525 652 2572 5.
670 2513 724 2572 295
748 2527 808 2584 qao
823 2513 947 2571 maxime
963 2530 1036 2585 opus
1052 2513 1119 2570 erit.
1155 2507 1188 2572 G.
1214 2513 1267 2572 54:
1290 2527 1351 2582 qao

200 2606 281 2664 locus
304 2603 389 2663 ferax
411 2608 557 2679 uerterit,
580 2608 611 2666 id
631 2610 698 2682 plus
719 2610 876 2671 concidito.
911 2605 944 2671 C.
959 2612 1009 2686 21,
1029 2611 1062 2671 3:
1085 2608 1267 2683 pertundite,
1289 2623 1351 2680 qao

196 2704 368 2762 515555555.
393 2699 427 2766 0.
447 2707 515 2782 112,
543 2708 576 2767 1:
599 2709 771 2780 operculum
794 2709 952 2782 imponito:
975 2708 1146 2781 relinquito,
1169 2707 1349 2780 55555551-

196 2808 251 2861 ret.
283 2797 317 2864 Ο.
339 2806 397 2865 44:
419 2805 556 2864 olivetum
576 2804 735 2865 155555555
755 2813 874 2880 putato:
898 2822 958 2878 555
972 2808 1056 2864 15555
1071 2811 1152 2865 recte
1176 2803 1260 2862 ferax
1282 2803 1350 2875 erit,

197 2917 272 2973 quae
296 2901 382 2961 arida
405 2908 492 2960 erunt
518 2909 549 2960 at
577 2903 603 2961 51
631 2904 701 2978 quid
727 2911 832 2962 ventus
856 2903 1073 2977 interiregcrit,
1109 2921 1144 2962 ea
1166 2901 1264 2961 omnia
1287 2900 1349 2959 exi-

197 2997 282 3068 mito;
314 3015 375 3070 qao
402 3001 485 3059 15555
508 2997 592 3058 ferax
615 3017 672 3059 non
697 3003 763 3073 erit,
786 3002 816 3060 id
839 3004 906 3076 plns
931 3002 1087 3062 concidito.
1133 2997 1226 3062 Ennii
1248 2995 1351 3060 annal.

199 3091 258 3155 inc.
283 3095 367 3158 sedis
388 3092 500 3174 fragm.
526 3099 574 3158 21.
597 3094 634 3158 fr.
661 3100 735 3158 132:
769 3101 836 3174 Quo
854 3117 967 3158 murum
990 3099 1057 3158 fieri
1080 3100 1181 3171 551515,
1208 3105 1354 3171 urgentur

200 3193 230 3250 in
254 3211 353 3252 unum.
397 3190 500 3256 Plaut.
523 3190 638 3256 Pseud.
655 3191 680 3272 I,
705 3198 733 3269 5,
756 3199 785 3258 9.
814 3192 908 3259 Most.
924 3193 980 3274 IV,
1004 3199 1032 3272 2,
1056 3199 1111 3259 535
1135 3198 1202 3256 8515
1224 3211 1283 3268 qua
1304 3209 1351 3250 me

199 3291 244 3347 ire
268 3298 397 3364 oportet.
428 3287 511 3353 Men.
528 3288 570 3369 II,
597 3295 624 3370 1,
649 3296 702 3354 12:
726 3310 785 3366 qao
807 3295 979 3370 adgreditur
1000 3312 1091 3354 mare.
1124 3291 1351 3356 Persaeus:

199 3389 241 3448 115
262 3390 345 3464 ipsus
369 3407 445 3464 sese,
465 3407 525 3464 qao
547 3408 577 3450 se
603 3391 751 3466 expediat,
775 3394 898 3452 nesciat.
944 3391 992 3454 De
1015 3388 1150 3454 formula
1165 3407 1224 3464 qao
1241 3404 1354 3460 —qaa

199 3485 279 3562 (Mil.
309 3483 363 3565 IV,
396 3491 423 3563 3,
452 3491 506 3550 20:
544 3490 600 3562 Qui
628 3497 801 3549 consectare
831 3507 891 3564 qao
920 3491 1009 3550 maris
1035 3475 1255 3562 contaminas)
1281 3483 1354 3547 vide

204 3584 345 3648 Lindem.
368 3583 408 3648 ad
425 3583 595 3648 Trinumm.
612 3583 666 3664 IV,
691 3590 720 3665 3,
745 3591 801 3651 37:
837 3586 891 3651 uhi
914 3592 977 3650 est:
1001 3589 1103 3648 Mores
1126 3593 1224 3646 autem
1246 3601 1354 3658 rapere

201 3689 367 3760 properant
384 3701 444 3756 qao
459 3703 575 3745 sacrum
591 3703 651 3760 qao
665 3689 825 3762 puplicum.
859 3682 995 3762 111115,
1013 3688 1042 3763 9,
1062 3689 1113 3746 15:
1138 3685 1229 3758 Quem
1254 3700 1357 3743 omnes

203 3781 330 3843 oderunt
352 3800 412 3856 qao
436 3785 492 3842 viri
512 3801 572 3856 qao
594 3787 745 3845 mulieres.
783 3781 908 3848 Terent.
922 3781 1048 3846 Phorm.
1066 3781 1090 3861 I,
1106 3788 1136 3860 4,
1156 3785 1208 3844 155
1232 3781 1290 3840 Sed
1306 3780 1359 3839 ubi

200 3881 405 3956 Antiphonem
428 3881 600 3956 reperiam?
623 3889 674 3940 aut
692 3899 751 3955 qao
775 3899 918 3957 quaerere
938 3883 1072 3942 insistam
1093 3880 1189 3942 viam?
1222 3875 1357 3958 Adelph.

201 3977 254 4054 IV,
279 3982 307 4056 2,
333 3981 388 4041 385
411 3995 471 4052 qao
493 3977 581 4038 nam?
1336 4059 1339 4063 Ι

286 4079 363 4138 Hac.
387 4073 487 4138 Naev.
501 4073 684 4156 Astiologa:
706 4078 777 4138 Hoc
792 4079 850 4138 sibi
864 4079 1015 4153 prospice,
1040 4081 1097 4138 hoc
1111 4081 1240 4154 despica.
1263 4074 1361 4139 Ennii

201 4171 303 4237 annal.
327 4173 347 4236 1.
363 4170 436 4252 VII,
460 4157 498 4236 fr.
517 4177 571 4236 17:
595 4193 672 4234 nunc
696 4178 832 4250 Iuppiter
856 4178 912 4236 hoc
935 4181 1002 4236 stat.
1048 4176 1128 4238 Aiax
1150 4173 1186 4236 fr.
1205 4179 1236 4237 3:
1260 4183 1359 4234 utrum

199 4271 473 4334 5515155555]
500 4273 536 4332 ab
563 4273 771 4332 1555515551
814 4271 918 4335 Plaut.
942 4271 1038 4336 Mero.
1062 4268 1088 4350 Ι,
1117 4275 1145 4349 2,
1178 4274 1253 4333 1095
1286 4270 1360 4330 Hoc
