3058 4766
204 294 263 348 100
630 284 784 324 SUBSTANT.
806 285 868 324 CAP.
883 285 922 324 111.

287 462 339 518 Ea
361 473 431 520 cum
460 457 614 537 temporis
636 457 816 521 notionibus
839 456 1042 521 coniunctum
1065 456 1183 520 indicat
1205 475 1274 521 rem
1297 457 1354 521 ali-

203 573 297 634 quam
321 573 340 617 a
355 560 442 618 certo
458 553 594 633 quodam
609 556 761 636 temporis
776 559 934 619 momento
949 551 1114 634 proficisci,
1138 569 1237 632 quare
1258 571 1354 635 saepe

202 653 285 716 idom
309 669 345 715 ac
371 658 437 726 post
458 649 623 732 signifieat.
660 653 754 716 Ennii
777 651 985 732 Epicharmus
1007 650 1045 715 fr.
1070 658 1105 716 7:
1129 671 1163 712 ec
1185 655 1279 714 imbre
1300 647 1353 714 fri-

203 772 256 828 gus
286 747 385 829 (quod
411 753 519 828 potest
546 750 641 815 etiarn
669 751 708 814 ad
732 769 768 810 aa
790 751 921 831 originis
953 751 1120 829 spectare).
1164 749 1259 813 Ennii
1289 752 1354 814 An·

202 847 372 912 dromacha
402 847 615 912 Aechrnalotis
641 847 678 912 fr.
710 854 762 912 10:
798 854 850 910 Ea
872 852 974 923 opimas
1007 852 1129 910 summis
1157 851 1221 923 opis
1252 867 1352 924 egens,

202 950 324 1021 Hector,
348 955 426 1006 tuae.
471 945 779 1026 Pharasmani,
805 953 832 1025 1,
857 951 913 1010 2οι
947 950 1033 1007 Nunc
1062 947 1138 1006 hunc
1166 948 1243 1005 diem
1265 965 1355 1006 unum

201 1063 237 1105 ea
257 1046 318 1105 iib's
340 1045 441 1104 multis
462 1045 590 1106 mmeriis
604 1047 680 1106 Volo
703 1063 748 1105 mo
770 1047 936 1106 eleutheria
957 1046 1016 1103 iarn
1039 1063 1125 1120 agere
1149 1046 1354 1104 advenientem

203 1145 329 1216 domum,
353 1141 383 1204 h.
401 1159 427 1205 e.
448 1151 523 1220 post
544 1141 723 1206 exantlatas
745 1142 861 1206 multas
883 1140 1037 1204 miserias.
1061 1139 1147 1203 Asin.
1164 1138 1218 1219 IV,
1244 1146 1271 1214 1,
1297 1145 1353 1204 19;

202 1243 233 1300 ni
254 1245 283 1299 in
314 1242 478 1316 quadriduo
501 1242 701 1315 Abalienarit,
736 1259 792 1316 qao
819 1260 855 1301 aa
883 1248 1036 1316 argentum
1059 1241 1219 1314 acceperit.
1264 1237 1352 1302 Pers.

202 1336 256 1413 IV,
281 1343 309 1414 3,
336 1341 388 1400 10:
423 1341 521 1398 Bonus
545 1343 611 1398 volo
637 1340 696 1398 iarn
725 1360 760 1401 aa
789 1341 914 1399 hoodie
943 1357 1018 1400 esse.
1061 1335 1159 1400 Mera.
1183 1335 1221 1414 V,
1242 1342 1271 1412 4,
1296 1339 1351 1398 64:

205 1455 241 1495 ex
253 1438 308 1494 hac
325 1443 420 1495 nocte.
463 1434 590 1498 Terent.
605 1435 686 1500 Enn.
702 1435 756 1515 IV,
779 1441 807 1516 2,
830 1442 862 1500 3:
887 1440 984 1497 Aliam
1000 1455 1064 1496 rem
1080 1453 1115 1494 ea
1130 1437 1192 1494 atio
1212 1426 1351 1520 cogitare.

287 1535 342 1591 De.
389 1532 438 1594 De
467 1532 635 1611 temporali
664 1552 723 1598 usu
754 1533 998 1613 praepositionis
1028 1536 1063 1592 de
1084 1550 1112 1593 v.
1136 1529 1288 1594 Whllner.
1315 1532 1355 1595 de

203 1629 329 1694 casibus
351 1647 381 1708 p.
406 1633 455 1692 50.
479 1629 624 1710 Kampm.
648 1632 688 1695 de
711 1635 766 1694 DE
789 1649 898 1711 praep.
923 1649 983 1694 usu
1005 1630 1108 1693 Plaut.
1132 1647 1161 1708 p.
1186 1635 1221 1692 4:
1257 1633 1355 1708 „tern-

205 1728 292 1807 poris
313 1726 494 1791 notionibus
522 1728 665 1792 iunctum
687 1733 723 1790 de
744 1727 840 1808 incipi
868 1729 995 1808 quidem
1025 1726 1145 1806 aliquid
1175 1745 1212 1789 eo
1235 1733 1357 1807 ternpo-

208 1827 251 1889 ris
274 1829 433 1888 momento
455 1823 590 1902 indicat,
612 1843 724 1890 verum
747 1827 842 1890 etiam
866 1825 1042 1890 continuari
1065 1843 1124 1904 per
1138 1824 1218 1888 illud
1233 1829 1357 1904 tempo·

205 1922 249 1986 ris
272 1923 425 2002 spatium,
449 1923 504 1986 ita'
517 1929 553 1986 nt
574 1927 609 1984 dc
630 1926 677 1985 die
699 1925 782 1989 idern
805 1924 872 1988 fere
896 1923 938 1988 sit
962 1941 999 1988 ac
1029 1925 1076 1983 ob'e
1097 1927 1154 1986 aut
1172 1941 1232 2002 per
1254 1925 1358 1983 diem.“

209 2018 409 2086 Sebaeffcrus
438 2039 468 2100 p.
496 2026 550 2086 18:
581 2023 646 2091 „Dc
671 2031 752 2086 nocte
779 2021 805 2087 si
829 2022 900 2088 dico
922 2021 1042 2101 aliquid
1064 2018 1134 2084 fieri
1155 2019 1186 2083 h.
1210 2037 1237 2083 e.
1260 2020 1357 2084 aetio-

206 2119 254 2183 nis
276 2119 361 2183 illius
382 2124 419 2183 et
445 2119 570 2183 initium
593 2120 733 2185 incidere
755 2121 787 2184 in
809 2126 935 2184 noctem
958 2127 991 2184 et
1013 2117 1254 2183 continuitatem
1285 2135 1357 2181 curn

209 2223 303 2281 nocte
327 2216 516 2298 cohaerere,
549 2219 729 2282 necessario
759 2219 791 2282 id
813 2216 862 2298 fit,
895 2236 991 2298 quum
1019 2216 1125 2295 aliqua
1152 2233 1227 2294 pars
1255 2213 1357 2280 noctis

204 2321 254 2379 est
276 2314 409 2396 reliqua,
433 2331 514 2395 quae
536 2322 654 2396 quanta
676 2317 718 2381 sit
740 2335 757 2380 e
779 2334 861 2380 nexu
882 2315 1112 2382 sententiarum
1135 2318 1185 2377 est
1206 2311 1357 2377 definien-

202 2415 290 2489 dum;
328 2419 417 2478 recte
450 2414 548 2493 igitur
573 2415 733 2479 Handius:
765 2417 800 2476 dc
821 2422 914 2484 uoco,
944 2414 963 2476 i.
988 2431 1014 2476 e.
1038 2412 1106 2482 norb
1131 2409 1161 2474 ia
1185 2413 1232 2474 ber
1255 2407 1357 2484 naar,

203 2511 342 2573 nondum
371 2511 525 2575 exhausta
547 2511 668 2576 nocte.“
713 2512 835 2576 Parcus
858 2519 963 2576 autem
986 2512 1017 2574 in
1040 2510 1141 2575 lexico
1155 2509 1303 2572 Plautino
1326 2527 1355 2571 v.

201 2611 249 2668 De
277 2608 304 2672 si
326 2612 362 2672 de
383 2611 430 2670 die
457 2607 594 2689 explicat
615 2626 691 2688 per:
730 2613 870 2685 camma
886 2617 975 2686 parte
998 2609 1075 2687 diei,
1103 2627 1166 2673 non
1188 2612 1274 2672 recto
1296 2608 1357 2671 hoo

201 2705 293 2787 facit,
326 2707 489 2786 aliquanto
518 2707 638 2772 rectius
666 2707 733 2772 sine
756 2707 852 2772 dubio
875 2707 1047 2772 Salmasius
1077 2707 1118 2771 ad
1140 2707 1243 2782 Plani.
1267 2703 1355 2769 Asin.

201 2804 256 2884 IV,
281 2810 309 2884 2,
342 2809 390 2884 16,
419 2804 473 2883 qui
500 2822 559 2885 pro
581 2807 615 2866 dc
637 2809 730 2866 medio
756 2809 805 2868 dte
825 2806 964 2886 positum
992 2823 1064 2869 esse
1091 2808 1205 2868 censet.
1250 2801 1352 2864 Plani.

204 2903 298 2966 Most.
322 2902 380 2978 ΙΙΙ,
406 2906 435 2984 2,
460 2910 496 2968 8:
532 2909 599 2967 Non
622 2908 730 2966 bonust
753 2923 871 2966 somnus
899 2905 1098 2978 depromito,
1130 2899 1160 2963 h.
1188 2919 1214 2963 e.
1245 2898 1354 2962 statim

203 3005 277 3080 post
299 2999 467 3080 prandium
491 3009 530 3075 (v,
547 3003 586 3066 de
601 3001 632 3066 h.
649 3001 668 3068 l.
687 2999 871 3080 Handium).
916 3001 1003 3065 Asin.
1027 2999 1087 3078 ΙΙΙ,
1114 3004 1138 3075 1,
1164 3003 1219 3062 13:
1250 3001 1355 3073 Ecqua

204 3119 274 3176 pars
298 3103 441 3161 orationis
464 3104 499 3161 de
520 3104 567 3161 die
590 3103 708 3162 dabitur
731 3100 821 3159 mihi?
858 3097 958 3176 1v‚2,
977 3102 1033 3160 16:
1057 3100 1092 3158 cte
1113 3099 1290 3168 darocam,
1314 3094 1356 3158 ad

204 3215 233 3275 q.
250 3197 269 3260 l.
286 3196 358 3260 vide
374 3194 623 3262 Taubmannum.
659 3195 773 3261 Caecil.
790 3194 869 3260 Stat.
886 3181 1069 3260 hethrionis
1084 3194 1122 3258 ir.
1141 3198 1176 3257 1:
1200 3195 1247 3254 De
1267 3199 1354 3253 nocte

203 3297 240 3354 ad
264 3304 381 3370 portum
406 3315 467 3357 snm
490 3297 642 3372 proiectus
665 3299 824 3371 prosumia.
869 3293 997 3358 Terent.
1021 3291 1155 3372 Adelph.
1178 3290 1216 3369 V,
1245 3295 1273 3366 3,
1297 3293 1351 3352 55:

203 3389 305 3456 DEM.
330 3393 401 3453 Cum
425 3399 520 3468 primo
544 3397 604 3456 luci
626 3396 674 3455 ibo
698 3396 776 3454 binc.
822 3391 908 3456 MIC.
930 3394 1080 3452 Damoeta
1102 3409 1220 3452 censeo.
1264 3388 1301 3464 V,
1324 3391 1354 3464 9,

201 3494 237 3554 8:
262 3493 406 3566 adparere
430 3493 465 3551 de
486 3493 533 3552 dte
556 3494 726 3555 convivium.

286 3593 336 3652 23.
376 3590 495 3649 Aoniae
517 3600 673 3669 sequente
696 3588 876 3652 accusativo
900 3594 967 3652 turn
990 3592 1180 3668 usurpatur,
1207 3603 1279 3649 eum
1302 3601 1354 3646 ex·

203 3685 342 3764 primere
365 3685 520 3766 volumus,
543 3694 697 3765 quantum
716 3686 868 3766 temporis
892 3687 932 3750 ab
953 3703 990 3750 eo
1011 3685 1164 3765 temporis
1184 3687 1354 3761 momento,

202 3797 264 3861 quo
287 3782 462 3864 loquimur,
494 3784 705 3864 praeterierit.
748 3784 851 3848 Plani.
875 3783 990 3849 Bacch.
1014 3783 1077 3862 ΙΙΙ,
1099 3787 1132 3861 2,
1155 3789 1189 3846 4:
1225 3786 1282 3843 hoc
1309 3782 1353 3841 fa*

203 3890 314 3944 etumst
344 3884 438 3944 ferma
462 3885 747 3944 obtinentemque.
793 3881 888 3948 Stich.
912 3881 937 3962 Ι,
961 3889 990 3961 2,
1014 3887 1069 3947 8οε
1107 3883 1183 3956 nain
1211 3884 1280 3942 illos
1303 3899 1354 3940 ex-

201 3984 330 4055 pectatis
354 3983 404 4056 qui
426 3983 533 4041 obbiac
560 3983 618 4042 iam
646 3984 784 4043 abierunt
811 3983 989 4042 triennium?
1034 3979 1104 4044 Cas
1133 3977 1212 4059 prol.
1240 3995 1269 4042 v.
1297 3981 1353 4042 39:

203 4079 309 4137 abhinc
331 4095 423 4140 annos
444 4079 585 4140 factumst
606 4081 737 4140 sedeam.
782 4078 908 4143 Terent.
931 4077 1029 4142 Andr.
1053 4077 1077 4154 Ι,
1104 4083 1131 4154 1,
1153 4079 1209 4141 43;
1238 4079 1356 4137 interea

201 4178 307 4236 mulier
330 4179 475 4250 quaedam
498 4179 606 4237 abhinc
621 4179 781 4238 biennium
795 4179 954 4238 Exdndro
977 4178 1180 4252 commigravit
1202 4176 1258 4235 huc
1281 4175 1354 4234 viei-

200 4277 277 4337 uiae.
321 4274 398 4338 Hec.
422 4275 460 4353 V,
483 4278 511 4354 3,
535 4279 589 4336 24:
622 4277 729 4334 abhinc
749 4277 857 4334 menas
878 4275 973 4332 decem
995 4273 1068 4333 iere.
1112 4270 1237 4335 Phorm.
1261 4269 1298 4348 V,
1324 4276 1354 4349 9,
