3040 4758
203 267 246 326 20
636 253 793 294 SUBSTANT.
815 252 879 293 ΟΔΡ.
892 252 932 292 111.

203 419 315 508 quitur
338 427 435 492 etiam
459 425 640 507 Iacobsius,
668 429 815 491 neutram
838 425 1015 506 opinionem
1045 426 1165 486 rectam
1192 440 1277 502 esse,
1305 422 1365 488 sed

205 543 244 589 eo
267 528 429 603 tempore,
462 540 526 602 quo
548 522 678 604 linguae
700 524 862 588 orirentur
889 528 922 586 et
943 520 1174 601 formarentur,
1208 525 1365 599 utrasque

204 617 469 700 significationes,
503 624 537 684 et
567 619 686 686 locales
716 625 750 684 et
778 617 923 686 causales
951 619 1018 684 sive
1048 617 1168 684 ideales
1199 618 1364 682 etiamtum

203 717 391 790 coniunctas
414 721 447 780 et
468 717 553 784 iuter
575 735 610 782 se
632 717 748 782 mixtas
769 715 885 796 fuisse,
913 715 1052 782 nondum
1075 720 1256 795 separatas,
1285 719 1324 778 ut
1346 731 1366 776 a

202 813 295 878 nobis
316 810 385 878 fieri
408 813 499 890 solet,
523 813 577 892 qui
599 814 702 894 magis
722 814 891 879 dividimus
912 819 946 878 et
965 830 1149 894 separamus
1168 810 1294 876 ratione
1309 828 1366 876 no·

202 914 273 974 stra
295 928 349 990 ea,
373 927 455 990 quae
477 909 589 989 primis
614 911 812 990 temporibus
834 911 971 976 nondum
994 910 1251 990 seiungebantur.
1297 910 1366 974 Iam

205 1005 234 1071 si
261 1005 485 1088 distinguimus
509 1025 580 1073 cum
603 1007 747 1074 Iacobsio
774 1007 854 1074 haec
881 1009 958 1088 tria,
979 1008 1090 1085 verba,
1115 1007 1367 1087 enuntiationes,

204 1105 365 1188 periodos,
397 1124 479 1188 quae
494 1110 691 1190 respondent
712 1108 816 1176 tribus
836 1109 967 1176 vocibus
989 1107 1110 1190 logicis,
1132 1107 1262 1186 notioni,
1285 1103 1368 1170 iudi·

205 1203 264 1282 cio,
295 1203 498 1283 conclusioni,
523 1210 556 1270 et
578 1208 771 1287 quaerimus,
795 1224 947 1288 quorsum
970 1223 1100 1270 casuum
1122 1203 1270 1268 formatio
1295 1223 1366 1284 spe-

205 1304 281 1379 ctet,
305 1304 394 1365 reete
419 1300 582 1368 Iacobsius
606 1322 675 1370 eam
698 1304 789 1384 ponit
810 1304 843 1369 in
867 1304 967 1368 limite
993 1301 1085 1383 quasi
1104 1301 1193 1367 verbi
1214 1306 1248 1365 et
1268 1320 1368 1366 cnun-

206 1396 362 1476 eiationis,
386 1400 536 1477 quoniam
559 1405 628 1464 tum
649 1401 785 1480 demum,
810 1419 881 1466 cum
902 1419 921 1464 a
941 1400 1040 1464 verbo
1055 1399 1096 1464 ad
1112 1398 1368 1463 enunciationem

202 1491 406 1560 formandam
429 1496 616 1574 proceditur
638 1502 672 1562 et
694 1498 863 1576 transitur,
893 1514 1023 1562 casuum
1044 1494 1280 1560 formandorum
1312 1513 1368 1562 ne·

205 1591 340 1656 cessitas
372 1587 489 1658 existit.
537 1593 601 1660 Sed
623 1594 849 1673 simplicissimi
871 1595 934 1659 duo
957 1611 1059 1673 casus,
1089 1593 1245 1674 aquibus
1269 1594 1368 1658 etiam

208 1691 279 1752 tota
304 1689 449 1768 quaestio
472 1695 583 1754 nostra
608 1696 641 1754 et
660 1690 806 1756 doctriua
824 1689 863 1755 de
885 1692 1011 1756 casibus
1034 1691 1185 1756 ordienda
1206 1696 1265 1770 est,
1291 1693 1369 1756 suut

208 1787 409 1850 nominativus
431 1789 465 1850 et
486 1790 647 1852 voceuoce.

511 1943 548 2007 A.
591 1945 812 2012 llominativue
833 1955 865 2013 at
887 1953 1059 2015 vocativus.

295 2089 320 2146 1.
354 2083 401 2147 Ac
423 2081 636 2148 nominativus
658 2082 785 2162 quidem
807 2082 836 2147 is
859 2101 952 2150 casus
975 2084 1125 2164 estsine
1148 2100 1211 2164 quo
1235 2081 1365 2147 omnino

207 2196 279 2244 esse
303 2181 484 2246 enunciatio
507 2179 596 2244 nulla
617 2184 738 2260 potest,
763 2181 910 2261 quoniam
933 2188 984 2248 cst
1006 2198 1115 2259 casus,
1151 2197 1213 2260 quo
1236 2179 1369 2259 ponitur

206 2282 240 2340 ct
266 2276 455 2359 designatur
489 2278 668 2342 subiectum
700 2278 947 2357 enuntiationis,
980 2294 1074 2342 casus
1105 2276 1250 2342 subiecti.
1304 2275 1368 2340 Sed

206 2373 382 2454 simplicior
398 2380 505 2440 mmor
522 2375 619 2440 etiam
635 2379 685 2440 esi
707 2392 786 2440 usus
808 2374 1008 2453 nominativi,
1037 2380 1075 2439 ut
1100 2374 1143 2438 sit
1166 2392 1253 2438 casas
1273 2376 1369 2436 amai

204 2473 315 2540 naudi,
346 2473 491 2550 quitum
513 2475 703 2551 usurpatur,
734 2489 806 2536 cum
827 2490 881 2536 res
903 2471 1059 2551 quaedam
1086 2475 1212 2537 tantum
1238 2470 1368 2535 nomine

206 2585 265 2632 suo
290 2567 487 2648 designanda
509 2572 542 2632 et
562 2587 622 2649 per
643 2586 678 2632 se
699 2567 891 2648 appellanda
913 2574 980 2647 est,
1003 2568 1091 2632 nulla
1111 2570 1235 2635 ratione
1257 2571 1370 2638 habita

205 2665 452 2731 constructionis
487 2665 520 2728 in
554 2665 787 2730 enuntiatione.
831 2664 919 2731 Talis
954 2671 1003 2730 est
1034 2665 1248 2733 nominativus
1281 2668 1369 2750 apud

202 2759 306 2826 Plaut.
328 2762 442 2828 Pseud.
466 2762 521 2841 IV,
544 2766 574 2841 2,
598 2767 653 2826 21:
690 2766 768 2838 Quid
790 2771 837 2826 est
857 2766 886 2825 ei
908 2766 1020 2825 homini
1043 2765 1172 2826 nomen?
1215 2762 1262 2829 SI.
1284 2768 1370 2828 Leno

203 2860 319 2920 Ballio.
360 2878 387 2924 v.
413 2864 453 2924 32
477 2875 540 2938 sq.:
567 2861 936 2936 Polumccloacropluptdcs
957 2863 1073 2922 Nomen
1096 2871 1151 2922 est.
1189 2860 1283 2927 Tales
1306 2862 1370 2928 loci

203 2971 267 3018 non
292 2956 456 3034 pertinent
477 2956 516 3019 ad
541 2974 606 3035 eos,
630 2957 746 3036 quibus
761 2957 894 3021 verbum
911 2975 971 3019 esse
991 2958 1137 3038 sequitur
1158 2959 1254 3024 etiam
1274 2978 1371 3040 prae·

206 3051 303 3118 dicati
324 3052 547 3132 nominativus,
571 3052 629 3116 sed
650 3058 776 3116 tantum
791 3069 907 3116 nomen
923 3058 1087 3134 spectatur
1108 3054 1240 3136 eiusque
1261 3074 1368 3122 sonus.

203 3152 277 3218 Huc
298 3154 441 3233 pertinet
468 3152 565 3217 etiam
592 3149 707 3215 Bacch.
730 3149 778 3228 Π,
809 3155 844 3230 3,
876 3154 931 3229 50,
962 3152 990 3216 si
1011 3169 1087 3216 vera
1112 3157 1163 3216 est
1189 3155 1369 3221 emendatio

203 3247 405 3315 Fleckeiseni
425 3250 473 3315 ed.
490 3248 592 3314 Plaut.
617 3247 651 3310 T.
668 3246 693 3310 1.
716 3244 814 3326 prael.
831 3263 861 3326 p.
879 3251 936 3312 23:
962 3252 1056 3324 Quom
1078 3252 1119 3310 mi
1141 3254 1238 3327 ipsum
1261 3271 1369 3316 nomen

206 3350 272 3409 eius
288 3346 514 3410 Arcmdemides
533 3348 683 3409 clamaret
706 3346 893 3422 dempturum
916 3366 992 3424 esse,
1015 3365 1075 3427 pro
1098 3363 1160 3427 quo
1174 3346 1368 3414 Ritschelius

205 3442 305 3508 habet
327 3445 502 3523 genitivum
525 3444 754 3506 Archidemidis.
1261 3464 1272 3478 ¹

291 3545 321 3604 2.
355 3540 407 3604 Ad
433 3539 517 3606 hunc
545 3559 639 3606 usum
670 3540 813 3621 proxime
834 3540 958 3606 accedit
987 3539 1053 3618 hic,
1087 3545 1123 3604 ut
1144 3558 1370 3621 nonnunquam

206 3639 345 3706 vocativi
368 3644 477 3720 partes
502 3655 599 3720 agere
621 3638 778 3703 videatur.
822 3636 996 3703 Vocativus
1026 3655 1064 3702 eo
1087 3635 1196 3703 differt
1224 3655 1244 3702 a
1270 3639 1370 3704 nomi·

207 3737 326 3816 nativo,
351 3737 435 3818 quod
458 3735 526 3800 sine
548 3735 741 3801 nominativo
757 3751 828 3800 esse
848 3733 977 3798 omnino
993 3734 1174 3800 enuntiatio
1195 3734 1284 3800 nulla
1298 3741 1369 3816 pot·

207 3837 268 3910 cst,
292 3833 441 3912 quoniam
465 3837 516 3898 est
538 3851 632 3898 casus
655 3832 791 3899 subiecti
812 3831 846 3896 in
869 3831 1103 3911 enuntiatione,
1126 3831 1291 3898 vocativus
1313 3850 1369 3898 au·

208 3933 275 3994 tem
298 3947 425 4010 semper
447 3933 539 3995 extm
562 3928 818 3994 enunciationem
845 3928 969 4008 positus
991 3932 1050 4008 est,
1074 3933 1111 3992 ut
1133 3926 1253 3992 nullam
1274 3929 1369 4009 plane

205 4024 270 4090 vim
298 4025 418 4092 lrabeat
451 4025 495 4092 ad
523 4024 722 4090 formandam
751 4024 1009 4090 consecutionem
1046 4025 1226 4090 verborum.
1270 4025 1370 4091 Usur·

205 4125 304 4203 patur
326 4122 410 4186 enim
432 4128 501 4189 tum
523 4123 575 4190 hic
598 4140 701 4201 casus,
724 4138 798 4186 cum
815 4127 950 4186 vocatur
964 4121 1079 4200 aliquis
1102 4119 1153 4184 vel
1175 4120 1296 4202 aliquid
1316 4139 1371 4188 no·

203 4217 289 4282 mine
314 4236 380 4283 suo.
416 4218 496 4285 (ium
519 4219 620 4301 igitur
641 4235 758 4283 nomen
777 4221 903 4283 tantum
917 4219 965 4284 rei
985 4217 1036 4284 vel
1051 4217 1186 4282 hominis
1202 4217 1369 4300 significet,
