3064 4754
200 249 263 306 234
635 235 789 275 SUBSTART.
805 236 867 277 OAP.
884 233 924 276 ΙΙΙ.

201 411 245 490 ΙΙ,
268 415 299 490 n,
322 411 380 473 26:
406 411 454 470 exi
476 410 595 485 inquam
618 409 706 471 ooioe
751 407 834 472 Men.
858 406 937 487 prol.
960 425 990 470 v.
1006 409 1063 471 43:
1085 409 1145 468 lam
1167 424 1246 468 nuuc
1268 422 1357 484 praee

201 511 267 571 dico
284 509 381 583 prius.
426 504 520 570 Trnc.
543 502 585 584 ΙΙ,
611 509 718 584 3,17:
749 507 841 568 Prius
861 508 1086 582 praedivinant,
1117 523 1175 580 quo
1204 503 1252 565 dle
1276 508 1358 567 esuri

200 609 287 667 sient.
334 601 424 683 nupt.
441 601 500 680 Ill,
526 605 555 681 5,
579 605 619 666 29
642 615 703 680 eq.:
731 605 890 679 neuuque
916 604 1016 676 potios
1037 615 1084 661 mc
1108 608 1199 677 caput
1220 604 1358 678 periculo

201 701 284 779 [liic]
309 702 534 777 praeoptavisse
558 717 644 775 quam
667 701 693 760 is
715 701 832 775 periret
852 717 976 774 ponere,
999 697 1054 762 uhi
1076 697 1181 760 Line:
1210 700 1359 774 „Procop-

205 807 269 861 toro
284 799 388 874 potios
409 815 500 872 qoam
522 798 559 861 nt
580 795 670 856 molle
685 798 789 872 potitae
809 813 898 870 qacom
920 793 983 859 cic.
1007 793 1040 858 in
1056 793 1149 858 Verr.
1173 793 1235 858 div.
1259 813 1284 859 c.
1309 793 1358 860 6.“

202 895 318 960 caecil.
342 895 423 959 Stat.
447 893 657 974 Androgynos
684 889 722 956 ir.
743 896 761 955 2
785 896 882 967 prete
928 889 1200 972 Hypobolimaeus
1226 891 1360 956 Rastra·

202 992 250 1057 ria
280 989 317 1056 ir.
348 997 367 1056 3
394 993 506 1061 minoe,
538 990 616 1054 item
643 988 915 1069 Hypobolimacus
942 986 1127 1053 Aeschinus.
1177 984 1360 1070 Synephebi

199 1087 238 1152 ir.
265 1095 297 1167 1,
330 1107 359 1152 v.
390 1091 466 1152 205:
503 1090 648 1150 libentiae.
693 1086 822 1151 Terent.
852 1085 950 1150 Andr.
985 1084 1027 1164 II,
1065 1089 1092 1162 l,
1122 1089 1157 1148 4:
1197 1086 1274 1159 Quid
1303 1093 1360 1161 est,

202 1188 288 1260 Quod
314 1188 369 1246 tibi
403 1203 470 1248 mea
498 1205 547 1246 ars
575 1185 696 1248 efficere
725 1187 782 1248 hcc
809 1188 906 1261 possit
940 1183 1104 1258 oonpnoen
1139 1180 1194 1246 uhi
1221 1181 1362 1246 dubitari

200 1286 307 1362 potest
337 1286 446 1345 utrum
473 1282 516 1346 sit
544 1281 730 1347 adverbium
753 1286 883 1358 amplios
904 1297 947 1345 an
970 1279 1170 1345 adiectivum.
1217 1277 1251 1342 Si
1273 1278 1360 1342 edie-

203 1380 331 1461 ctivum,
352 1380 492 1461 positum
515 1383 566 1444 est
588 1396 646 1461 pro
667 1382 807 1456 proebe,
840 1382 963 1442 mebris
985 1379 1137 1446 momenti,
1171 1377 1219 1440 sin
1247 1375 1363 1441 adver·

183 1476 303 1556 ¹binm,
335 1495 394 1558 pro
416 1485 583 1554 praetereat
627 1477 712 1542 Prcl.
735 1476 834 1541 Andr.
859 1496 888 1540 v.
918 1479 973 1538 27:
1009 1475 1197 1550 Spectandae
1231 1493 1269 1535 an
1297 1477 1360 1536 cxi-

201 1579 315 1652 gendae
339 1580 399 1638 sint
421 1580 504 1639 vehis
524 1578 621 1651 pree.
667 1574 801 1655 Adelph.
825 1573 867 1652 n,
892 1577 920 1652 2,
947 1577 1000 1636 14:
1024 1574 1102 1646 Quin
1126 1573 1268 1648 quidquid
1289 1592 1362 1648 poe·

202 1693 264 1734 sem
287 1677 407 1735 mallem
430 1674 668 1747 auferrepocue
690 1673 924 1748 inpraesentia,
947 1665 985 1732 cf.
1009 1667 1100 1731 Liud.
1123 1667 1165 1731 ad
1189 1667 1278 1750 (lapi.
1299 1669 1360 1751 ΠΙ,

202 1777 231 1850 5,
261 1776 311 1838 29.
355 1772 453 1836 Andr.
483 1769 508 1846 I,
540 1776 567 1848 l,
599 1773 654 1833 25:
683 1772 816 1846 ,libertae
842 1767 958 1830 vivendi
985 1765 1043 1826 fuit
1070 1771 1215 1839 potestas.
1261 1767 1362 1832 Nacv.

205 1866 341 1946 Appellc
362 1865 401 1930 fr.
426 1871 460 1930 2:
494 1868 636 1942 primum,
674 1865 751 1927 item
779 1865 878 1928 Naev.
902 1860 1080 1927 Tarentilla
1108 1858 1146 1922 ir.
1170 1867 1226 1942 -12,
1258 1881 1286 1929 v.
1310 1870 1361 1930 92.

203 1963 284 2027 Cato
299 1963 334 2028 R.
348 1963 385 2025 R.
403 1980 428 2028 c.
442 1969 476 2028 9:
497 1966 589 2024 Prata
602 1965 723 2036 irrigue,
748 1965 773 2022 si
788 1979 893 2037 aquam
909 1961 1042 2033 habebis,
1057 1960 1245 2032 potissimum
1259 1962 1362 2028 facito.

203 2060 298 2124 Ennii
320 2058 421 2123 annal.
445 2058 464 2123 l.
481 2057 536 2137 VI,
559 2057 598 2121 fr.
616 2062 670 2120 nl:
693 2062 830 2134 primum,
853 2058 932 2122 item
953 2049 1057 2119 Plaut.
1081 2053 1180 2118 Mero.
1204 2055 1228 2135 Ι,
1254 2063 1281 2137 l,
1306 2064 1361 2140 69;

201 2158 298 2222 Mero.
322 2161 400 2234 3793
434 2155 499 2236 III,
526 2161 552 2235 l,
576 2160 633 2234 343
654 2153 714 2233 111,
737 2161 767 2234 4,
792 2159 847 2231 233
871 2154 909 2234 V,
932 2159 962 2232 4,
987 2155 1037 2214 64.
1082 2149 1147 2212 Mil.
1171 2149 1226 2231 IV,
1250 2159 1280 2234 2,
1306 2163 1363 2222 14:

203 2259 312 2316 Hercle
342 2273 413 2317 vero
435 2253 544 2333 ,[haec]
568 2257 626 2314 iam
650 2255 817 2315 adlubescit
832 2253 1015 2328 nivenhem,
1043 2250 1218 2310 Palaestrio.
1263 2251 1363 2322 Mcrc.

201 2351 260 2433 ΙΠ,
283 2359 313 2432 A,
342 2356 396 2416 6οε
430 2357 641 2428 potissumum,
676 2349 753 2414 item
775 2349 818 2429 Il,
841 2346 945 2429 4,]5.
991 2343 1139 2426 Aquilius
1160 2345 1297 2416 Boeotia
1323 2352 1362 2418 fr.

203 2455 238 2514 2:
278 2453 334 2513 Ubi
350 2453 492 2525 monum.
539 2447 665 2512 Terent.
690 2447 787 2512 Andr.
811 2447 859 2527 ΙΙ,
889 2454 920 2527 1,
944 2450 1000 2511 22:
1035 2446 1068 2505 Si
1096 2443 1128 2502 id
1157 2441 1241 2523 iacis,
1272 2451 1360 2512 hodie

196 2553 378 2622 postrenum
401 2568 445 2610 me
469 2550 559 2610 vides.

515 2729 551 2782 Il.
588 2727 819 2785 Accuaaativu
844 2728 1037 2796 qualitatis.

290 2841 340 2902 51.
374 2837 560 2917 Spectemus
583 2836 720 2915 primum
742 2835 775 2899 id
797 2853 913 2916 genus,
950 2838 1005 2902 uhi
1027 2839 1110 2904 ectio
1132 2839 1179 2904 ita
1201 2857 1235 2904 se
1259 2839 1358 2919 expli-

202 2939 263 3013 cat,
285 2939 323 2997 ut
342 2933 475 2998 interior
497 2933 588 3012 quasi
610 2934 659 2997 vis
679 2937 713 2998 ct
731 2939 846 2997 natura
868 2934 937 2998 eine
957 2935 990 2997 in
1010 2935 1148 2998 medium
1163 2937 1355 3015 proferatur.

200 3051 228 3095 a.
251 3034 449 3094 Accusatiooos
470 3033 607 3106 rooooois.
653 3027 715 3094 Ad.
762 3029 841 3094 Cato
863 3029 901 3094 R.
924 3031 960 3096 R.
985 3049 1010 3095 c.
1027 3037 1083 3096 41:
1107 3036 1290 3110 integitoque
1314 3035 1356 3093 ed

199 3133 322 3193 eaodem
349 3131 480 3198 modom,
514 3137 653 3204 tanquam
685 3131 776 3190 eleas.
822 3123 855 3190 (l.
891 3132 943 3191 18:
979 3132 1020 3189 od
1046 3133 1125 3192 hanc
1146 3133 1263 3192 modum
1283 3149 1356 3193 vasa

201 3230 379 3303 componito.
415 3224 448 3289 C.
469 3229 523 3288 78:
546 3227 581 3286 In
603 3229 704 3287 balteo
727 3233 825 3286 tracta
848 3245 885 3286 ex
908 3245 1006 3302 caseo,
1029 3229 1213 3289 adeundam
1234 3229 1355 3290 noodoam

200 3326 306 3398 facito,
340 3327 384 3384 uti
410 3328 583 3399 placentem
611 3326 675 3384 sine
705 3326 802 3384 melle.
848 3320 882 3385 O.
905 3326 962 3386 80:
998 3328 1146 3402 Encytum
1174 3327 1214 3386 od
1235 3327 1357 3387 eundem

199 3423 316 3482 modom
338 3422 439 3496 facito,
463 3423 507 3482 uti
528 3421 640 3496 globos.
685 3418 781 3484 Ennii
802 3419 1004 3486 Euhemerus
1027 3420 1064 3484 fn.
1082 3425 1111 3501 3,
1138 3425 1189 3486 18:
1213 3425 1260 3484 Ad
1283 3441 1355 3483 euu—
1418 3460 1421 3484 .

201 3521 267 3580 dem
290 3521 417 3580 modum.
462 3516 564 3581 Plaut.
593 3515 692 3582 Mero.
719 3515 778 3597 III,
807 3523 837 3598 4,
866 3523 920 3582 45:
957 3519 1011 3580 Ao
1038 3522 1182 3582 armaio
1211 3519 1356 3594 claudu’s,

200 3633 318 3692 caecus,
341 3625 448 3689 mutus,
471 3633 602 3692 mancus,
626 3617 743 3678 debilis.
788 3615 903 3682 Bacch.
919 3615 976 3695 IV,
1000 3622 1030 3696 4,
1053 3620 1108 3681 81:
1132 3620 1190 3679 Dic
1212 3635 1297 3692 qoem
1316 3619 1359 3677 ool

198 3713 341 3774 modum?
383 3711 471 3776 Pers.
488 3711 513 3790 I,
534 3719 559 3792 l,
577 3715 632 3778 36:
655 3717 748 3788 Quem
771 3717 808 3776 ad
830 3715 968 3777 modum?
1011 3714 1153 3779 Mernv.
1170 3718 1245 3779 352:
1270 3731 1355 3791 quem

200 3812 238 3872 ad
260 3810 398 3871 modum?
440 3808 483 3887 II,
501 3815 530 3889 3,
549 3815 604 3875 91:
628 3829 719 3873 senex
734 3820 833 3874 est-
851 3815 901 3889 qui
917 3815 1045 3889 aliquam
1061 3814 1213 3874 mandavit
1227 3815 1299 3872 mihi
1314 3815 1356 3874 Ut

200 3925 330 3970 emerem
346 3908 386 3967 od
398 3909 494 3968 inane
508 3909 624 3980 factem.
661 3907 748 3972 Pers.
763 3907 823 3986 III,
843 3915 869 3988 l,
887 3916 922 3974 7:
945 3914 992 3971 Ea
1014 3927 1105 3972 causa
1126 3911 1168 3969 ud
1188 3913 1242 3971 hoc
1263 3927 1359 3972 coena·

193 4007 280 4079 ptam
302 4013 332 4065 te
356 4008 496 4066 exornavi
519 4023 584 4082 ego.
608 4003 703 4069 Marc.
721 4004 764 4084 II,
785 4010 882 4084 1,41:
905 4009 944 4068 ad
965 4010 1022 4070 hoc
1045 4011 1223 4084 exemplum.
1252 4005 1355 4070 Hand.

200 4099 335 4164 Turseli.
359 4101 384 4179 Ι,
408 4118 437 4181 p.
457 4107 532 4167 107:
556 4101 710 4182 „Ponitur
725 4105 791 4176 An,
812 4102 868 4167 uhi
886 4101 1094 4182 significanda
1117 4109 1168 4168 est
1189 4119 1301 4167 norma
1323 4106 1357 4165 ct

67 4208 68 4211 ’
199 4197 311 4278 regula
334 4203 367 4262 ct
387 4199 419 4262 id
447 4200 533 4278 quod
560 4199 718 4264 actionem
744 4199 883 4278 aliquam
910 4202 995 4282 regit
1022 4205 1056 4265 et
1083 4201 1285 4266 modulatur:
1322 4198 1360 4262 id
