3064 4754
488 237 575 278 GASUS
592 236 861 280 suusumuivosuil.
883 258 907 266 -
921 239 1061 280 ACCUSAT.
1290 252 1351 308 223

193 427 272 490 pere
294 407 346 474 uel
360 409 562 489 potissimum
585 410 701 478 valeat
724 411 916 478 Aecuratius
930 410 1077 476 Kleinius
1099 411 1133 476 in
1152 411 1212 478 hoc
1235 431 1352 494 genere

194 506 364 587 distinguit
394 525 488 572 usum
522 509 725 589 proclitioum
752 513 787 573 et
812 508 993 576 encliticum
1026 508 1221 590 particulae,
1256 516 1353 590 prout

191 603 382 670 vocabulum
405 605 452 684 id,
491 606 542 672 cui
567 607 616 672 vis
644 604 803 687 particula
829 605 975 684 additur,
1007 611 1083 686 post
1106 624 1176 672 eam
1198 613 1255 672 aut
1277 614 1350 673 anta

191 718 262 766 eam
285 701 424 781 positum
454 707 506 768 est
532 708 566 767 et
595 702 685 770 addit
713 720 938 783 nonnunquam
964 704 1156 784 particulam
1185 704 1280 769 etiam
1304 705 1351 769 in-

192 799 320 879 terponi
336 799 460 866 duobus
476 800 649 881 vocabulis
665 817 801 880 quorum
816 800 864 864 vis
879 817 918 864 ea
932 800 1117 866 intenditur.
1133 801 1200 866 Nos
1215 803 1350 868 dicimus

191 913 247 981 quo
269 897 321 961 vel
343 897 442 981 loque.
489 898 535 962 Ao
557 897 693 977 primum
717 897 845 977 quidem
867 915 915 976 ea,
939 914 1033 977 quam
1057 898 1204 978 diximus,
1226 901 1349 965 ratione

192 995 393 1075 componitur
414 995 544 1075 proprie
567 1013 638 1060 cum
661 994 916 1074 pronominibus,
944 998 982 1060 ut
1009 995 1150 1075 aliquam
1177 1013 1246 1062 rem
1273 1001 1349 1061 ante

193 1091 309 1156 dietam
331 1092 384 1156 vel
406 1091 534 1158 aliunde
557 1091 715 1173 cognitam
739 1091 791 1156 vel
813 1089 917 1156 adhuc
944 1094 1161 1173 exponendam
1183 1094 1295 1158 maiori
1317 1095 1348 1157 vi

190 1187 304 1254 ederat
319 1190 398 1254 etin
415 1207 485 1254 eam
508 1188 902 1270 convertet-praecipuam
925 1189 1219 1255 considerationem.
1242 1190 1347 1255 Plaut.

188 1286 258 1351 Aul.
282 1285 337 1366 IV,
362 1293 390 1366 2,
422 1290 460 1350 16
483 1304 596 1352 servus
618 1286 710 1364 dicit,
744 1286 772 1350 si
801 1304 916 1350 aurum
943 1286 1063 1351 domiui
1092 1288 1142 1352 sui
1169 1287 1344 1367 intemplo

186 1383 277 1448 Fidei
299 1383 448 1463 inveniat,
472 1401 507 1448 se
530 1384 560 1448 ei
583 1382 700 1463 (Fidei)
723 1382 818 1448 mulsi
842 1381 1019 1464 congialem
1041 1384 1169 1464 plenam
1183 1385 1343 1451 lecturum

185 1478 331 1545 fideliam.
362 1479 443 1546 Tum
472 1479 502 1544 ei
527 1479 622 1546 dicit:
651 1484 685 1542 Id
709 1483 781 1544 adeo
814 1483 871 1543 tibi
904 1482 1029 1544 faciem:
1066 1500 1168 1544 verum
1196 1502 1252 1558 ego
1274 1486 1346 1544 mihi

187 1580 299 1654 bibam,
330 1579 361 1638 id
382 1581 433 1639 ubi
452 1578 564 1642 fecero.
608 1577 755 1642 Handius
784 1579 826 1657 (p.
854 1581 912 1642 143
936 1583 995 1655 sq.)
1024 1581 1096 1642 odeo
1120 1597 1191 1644 oum
1217 1583 1251 1640 id
1272 1597 1345 1644 eou-

183 1675 289 1756 iungit
311 1680 344 1740 et
366 1675 517 1754 explicat:
543 1675 638 1738 τοῦτό
655 1696 701 1750 γε,
729 1677 763 1735 ld
784 1678 915 1750 quidem,
945 1675 1071 1738 omnino
1093 1682 1190 1741 recte.
1219 1673 1343 1757 Signifi-

184 1776 252 1838 cat:
277 1773 335 1834 toe
361 1788 425 1852 gor,
448 1772 478 1837 h.
496 1790 522 1838 e.
547 1777 663 1834 tontum
686 1771 825 1852 honoris,
850 1778 965 1836 tontum
987 1771 1103 1836 donum
1126 1777 1181 1837 titt
1202 1772 1343 1853 afferam,

183 1870 239 1934 sed
262 1872 337 1930 mite·
359 1872 472 1948 bidom,
500 1869 555 1934 ubi
577 1868 611 1934 id
632 1869 747 1934 fecero.
793 1869 854 1933 Est
875 1869 975 1950 igitur
996 1868 1027 1933 h.
1049 1869 1070 1932 l.
1100 1869 1218 1949 duplex
1245 1889 1337 1951 oppo-

182 1967 265 2045 sitio,
287 1966 427 2044 primum
448 1965 534 2032 iuter
555 1969 596 2043 td,
620 1965 649 2030 h.
674 1983 701 2031 e.
725 1971 845 2044 plenam
868 1966 970 2029 facere
994 1971 1159 2043 congialem
1180 1972 1213 2032 et
1235 1973 1341 2045 bibere,

184 2062 299 2131 deinde
314 2064 399 2129 inter
421 2066 475 2124 liei
491 2067 621 2142 etmihi,
645 2064 840 2144 germanice:
864 2061 905 2146 io,
928 2060 1013 2126 tice
1036 2060 1102 2128 initi
1124 2061 1165 2144 id)
1191 2064 1341 2145 uictique

181 2166 241 2226 ete.
284 2159 366 2226 Rud.
389 2160 471 2242 prol.
493 2177 521 2224 v.
547 2165 607 2226 36:
641 2164 745 2238 Neque
778 2165 805 2224 is
832 2164 904 2225 odeo
925 2170 1054 2238 propter
1076 2165 1219 2226 malitiam
1243 2169 1342 2240 patria

182 2268 274 2322 caret.
298 2258 392 2323 Most.
417 2256 460 2336 ΙΙ,
488 2262 517 2336 2,
540 2262 590 2322 46.
620 2258 717 2324 Mero.
741 2258 780 2337 V,
802 2266 833 2338 4,
857 2263 907 2322 64.
952 2256 1066 2324 Caecil.
1090 2258 1170 2324 Stat.
1193 2261 1342 2340 Epistula

178 2354 217 2420 fr.
245 2362 280 2419 1:
302 2359 365 2418 Iam
389 2375 435 2418 me
460 2357 532 2416 adeo
554 2364 662 2419 menta.
694 2356 821 2420 Terent.
845 2356 925 2420 Eun.
953 2354 996 2435 II,
1021 2360 1050 2434 2,
1074 2361 1107 2420 2:
1130 2360 1187 2418 hoc
1210 2360 1282 2418 odeo
1305 2378 1342 2419 ex

178 2457 235 2516 hec
257 2472 291 2516 re
314 2457 396 2516 venit
428 2457 458 2514 iu
479 2461 609 2514 mentem
642 2456 723 2518 mihi.
770 2451 927 2530 (Kleiuius
958 2471 988 2533 p.
1016 2457 1095 2516 1307
1126 2457 1159 2516 et
1185 2459 1264 2520 1308
1297 2453 1340 2538 ju.

177 2548 289 2612 notai
313 2546 384 2632 [out
406 2547 465 2614 mia
490 2549 560 2613 bod
584 2547 641 2620 ain,
664 2550 719 2614 ubi
742 2568 805 2615 non
829 2549 931 2615 solum
947 2553 1016 2630 too,
1039 2550 1096 2614 sed
1119 2550 1268 2614 etiamen
1284 2556 1340 2614 occ

175 2665 307 2713 recum
336 2650 411 2710 odeo
442 2647 698 2728 coniungendam
729 2651 799 2722 est).
846 2647 969 2712 Deinde
997 2650 1069 2709 odeo
1098 2649 1338 2726 pronominibus

176 2745 400 2826 personalibus
424 2744 598 2826 apponitur
620 2744 764 2825 proprie,
788 2743 844 2808 ubi
865 2745 969 2808 oratio
990 2744 1032 2808 ab
1054 2744 1117 2807 alia
1139 2761 1277 2823 persona
1299 2746 1339 2809 ad

179 2843 274 2908 aliam
297 2843 415 2908 transit
437 2843 525 2906 etin
548 2859 617 2906 eam
640 2841 775 2906 maxime
798 2842 936 2906 animum
961 2841 1125 2906 ‘convertit
1156 2841 1278 2906 Ennius
1301 2842 1337 2906 i.

176 2940 312 3004 Medeae
341 2939 442 3003 exulis
478 2943 516 3002 21
547 2938 692 3002 Vahlen:
730 2943 866 3016 Iuppiter
899 2945 988 3017 tuque
1026 2941 1098 2999 adeo
1131 2959 1241 3002 summe
1278 2943 1337 3003 Sol.

176 3037 279 3102 Plaut.
304 3037 384 3102 Rud.
409 3035 595 3115 111,4,25:
621 3040 679 3098 Vos
701 3039 783 3111 odeo,
806 3041 856 3100 ubi
879 3058 934 3115 ego
957 3041 1081 3098 innuero
1104 3040 1197 3115 vobis,
1218 3069 1261 3078 —
1284 3057 1338 3114 ego

174 3155 227 3199 vus
250 3138 341 3211 virgis
365 3136 613 3195 circumvinciam.
642 3167 684 3177 -
707 3139 775 3209 Epo
797 3138 869 3196 odeo
893 3135 961 3198 fere
987 3134 1070 3198 idem
1099 3141 1149 3198 est
1175 3135 1260 3211 quod
1286 3155 1338 3210 epo

174 3235 308 3310 quidem,
343 3231 442 3305 ἔγωγε.
488 3230 591 3294 Plaut.
636 3230 750 3297 Bacch.
796 3233 851 3312 IV,
887 3239 922 3310 7,
952 3238 1005 3298 30:
1052 3238 1119 3306 Epo
1154 3234 1227 3294 odeo
1254 3253 1337 3294 nnm-

176 3350 263 3407 quam
293 3331 448 3404 accipiam.
493 3328 619 3393 Terent.
651 3329 732 3393 Eun.
756 3330 798 3408 ΙΙ,
822 3334 851 3408 2,
879 3333 931 3394 16:
955 3348 1006 3405 epo
1029 3331 1101 3390 adeo
1123 3334 1199 3392 hauc
1222 3336 1336 3408 primns

172 3431 271 3491 inveni
307 3430 393 3488 uiam.
442 3423 626 3488 Pronomini
654 3428 716 3502 ipse
745 3427 905 3490 adiectum
936 3429 1008 3491 odeo
1038 3434 1137 3506 auget
1164 3427 1233 3492 eius
1262 3427 1336 3505 vim,

173 3541 255 3605 quae
277 3521 419 3590 cernitur
448 3522 482 3585 in
501 3539 617 3602 graeco
640 3519 732 3596 αὐτὸς
746 3547 787 3597 γε.
812 3524 914 3588 Plaut.
939 3525 1026 3588 Asin.
1043 3524 1085 3602 II,
1103 3531 1131 3604 3,
1156 3529 1210 3590 23:
1238 3530 1336 3601 Atque

172 3625 275 3684 hercle
298 3624 394 3696 ipsum
415 3622 489 3679 odeo
512 3628 645 3683 contuor.
684 3619 811 3684 Terent.
835 3621 933 3686 Andr.
956 3621 998 3698 Π,
1023 3627 1051 3701 5,
1074 3628 1108 3686 4:
1136 3625 1242 3698 Ipsam
1264 3624 1337 3684 odeo

171 3727 293 3796 praesto
316 3721 403 3780 uideo
427 3736 493 3778 cum
514 3719 608 3779 Dauo.
631 3717 738 3781 Etiam
762 3735 831 3782 cum
856 3719 1140 3799 coniunctionibus
1164 3738 1246 3800 quae
1262 3737 1336 3784 con·

173 3815 325 3880 ditionem
347 3814 504 3892 indicant,
541 3814 746 3894 coniungitur
776 3817 857 3878 adeo.
900 3815 1003 3881 Plaut.
1034 3817 1131 3882 Mero·
1168 3817 1205 3896 V,
1229 3823 1258 3892 4,
1284 3821 1333 3880 33.

172 3912 300 3978 Terent.
340 3910 617 3990 Andr.11,o‚7:
661 3915 738 3974 Num
761 3916 807 3973 illi
829 3918 972 3976 molestae
996 3916 1147 3991 quidpiam
1169 3918 1243 3976 liaeo
1267 3923 1336 3975 sunt

171 4011 315 4087 nuptiae?
338 4057 345 4074 .
370 4058 377 4072 .
402 4056 409 4072 .
454 4007 522 4070 DA.
567 4012 618 4070 Nil
641 4011 757 4072 hercle:
781 4019 849 4086 aut,
872 4014 899 4073 ei
921 4014 1007 4085 odeo,
1034 4015 1146 4074 biduist
1169 4021 1221 4074 aut
1242 4015 1334 4074 tridui

171 4111 257 4170 Haec
281 4107 459 4183 sollicitudo,
483 4105 523 4170 de
546 4122 609 4185 quo
632 4105 704 4171 loeo
723 4105 868 4172 Kleinius
891 4126 922 4188 p.
942 4113 1037 4172 1309:
1061 4109 1119 4187 „In
1140 4115 1168 4173 st
1190 4112 1263 4172 odeo
1285 4113 1335 4174 est

173 4202 362 4284 imperfecta
384 4203 564 4268 enunciatio
587 4223 626 4268 ex
641 4204 681 4268 iis
704 4221 786 4284 quae
807 4207 1006 4285 praecedunt
1021 4208 1207 4287 supplenda,
1229 4207 1332 4272 velut:
