3070 4758
411 251 498 292 OASUB
513 251 778 297 suaeradrlvoault
792 273 819 284 -
832 252 996 297 dntlmvua.
1231 265 1293 322 317

148 422 229 490 tatio
250 423 442 504 postulabat,
464 425 701 510 angustioribus
728 423 843 492 finibus
869 431 903 518 et
929 427 1021 506 quasi
1048 427 1196 495 cancellis
1224 446 1295 496 cam

149 518 364 588 circumscribi
380 541 509 590 neccsse
525 530 621 606 esset,
637 525 721 606 quod
733 524 803 608 ipso
815 524 1015 592 substantivo
1029 526 1175 609 apposito
1189 523 1296 593 fiebat.

148 615 230 684 Hinc
259 619 361 686 oritur
386 621 576 706 primigenia
598 621 786 705 significatio
809 622 958 706 genitivi,
986 629 1023 690 ut
1048 641 1163 690 nomen
1184 624 1217 688 in
1237 622 1308 690 hoc·

148 735 224 783 casu
245 717 384 801 positum
408 738 477 785 eam
491 721 651 786 notionem
674 719 850 803 significet,
872 738 953 802 quae
973 719 1118 800 alteram,
1140 724 1297 802 quatenus

147 814 181 879 id
211 817 424 881 necessarium
459 823 522 898 est,
558 817 688 885 definiat
712 819 881 900 ipsumque
903 819 972 884 eius
997 819 1061 884 vim
1088 822 1120 886 et
1151 823 1298 887 naturam

148 912 238 978 nulla
259 913 324 978 alia
344 933 421 980 voce
444 916 660 982 intercedente
683 916 864 982 constituat.
898 914 1099 997 Quapropter
1119 917 1153 982 id
1175 933 1298 996 nomen,

153 1011 237 1092 quod
258 1010 291 1076 in
313 1014 452 1093 genitivo
468 1019 517 1079 est
534 1014 683 1097 positum,
706 1014 793 1079 notio
809 1013 952 1095 superior
967 1017 1026 1092 est,
1041 1012 1177 1078 alterum
1190 1019 1299 1080 autom

151 1107 181 1172 ei
204 1109 381 1174 subiectum
397 1116 439 1190 et,
461 1117 498 1178 ut
512 1113 558 1178 ita
573 1111 683 1192 dicam,
699 1111 946 1177 subordinatum.
964 1109 1002 1178 cl
1019 1110 1057 1176 G.
1072 1111 1242 1181 Hermann.
1260 1112 1300 1179 de

151 1205 346 1272 emendanda
378 1213 437 1274 rat.
470 1228 500 1291 p.
537 1214 609 1276 140:
646 1210 913 1290 „quotiescunque
939 1208 1067 1289 aliquod
1099 1227 1213 1275 nomen
1246 1227 1301 1290 go·

150 1302 248 1368 nitivo
284 1323 359 1370 casu
387 1306 571 1387 adhibetur,
606 1324 732 1388 semper
766 1325 818 1372 res
852 1306 898 1372 ita
927 1308 1102 1389 cogitatur,
1135 1313 1172 1374 ut
1198 1326 1237 1372 ex
1262 1325 1302 1372 ea

150 1401 287 1481 pendeat
315 1403 378 1467 alia
398 1423 451 1470 res
474 1411 624 1485 tanquam
647 1404 766 1486 aliquid
788 1405 1014 1484 accessorium,
1041 1405 1112 1486 ipsa
1133 1411 1240 1472 autem
1263 1423 1302 1470 ex

151 1498 238 1564 nulla
259 1519 295 1564 re
316 1501 461 1581 pendeat,
486 1503 542 1566 sed
565 1501 632 1568 sola
653 1520 712 1584 per
733 1520 768 1568 se
791 1501 944 1570 constet.“

236 1596 360 1664 Nomen
382 1600 560 1680 proprium,
585 1601 628 1680 si,
662 1617 743 1680 quae
771 1601 902 1682 propria
928 1605 978 1667 est
1004 1601 1073 1666 eius
1104 1598 1302 1682 significatio,

151 1713 258 1774 unum,
283 1697 336 1776 qui
358 1699 483 1762 nomine
505 1699 666 1763 nominato
688 1699 728 1762 ab
744 1699 888 1764 omnibus
903 1698 975 1767 aliis
996 1696 1111 1781 differt,
1136 1695 1303 1780 significat,

152 1799 304 1872 quantum
319 1794 352 1858 id
374 1793 444 1860 fieri
459 1801 575 1877 potest,
598 1794 759 1861 definitum
783 1800 841 1874 est,
865 1814 904 1860 ex
926 1815 988 1879 quo
1013 1794 1163 1876 efficitur,
1186 1801 1223 1860 ut
1244 1795 1304 1862 hac

154 1889 382 1972 significatione
409 1894 496 1959 nullo
524 1895 616 1960 modo
647 1894 797 1959 admittat
823 1894 1074 1961 additamentum
1104 1893 1136 1960 in
1165 1893 1302 1975 genitivo

149 1989 306 2069 positum,
323 1991 407 2069 quod
431 1992 610 2073 ubicunqne
626 1991 744 2058 nomini
765 1992 895 2073 proprio
911 1992 1070 2058 adiectum
1091 1992 1304 2070 cataoniam

156 2086 310 2167 accipitur
332 2107 390 2169 pro
413 2108 489 2154 vero
511 2090 637 2154 nomine
660 2089 798 2170 proprio.
844 2088 936 2168 Quod
959 2094 1009 2155 est
1037 2088 1305 2172 simplicissimum

152 2193 185 2249 et
206 2186 384 2250 necessario
408 2204 446 2250 ex
468 2188 605 2253 maxime
628 2185 770 2269 generali
791 2185 1022 2269 significatione
1044 2203 1251 2268 consequens.

236 2282 303 2347 Iam
330 2284 357 2348 si
379 2285 575 2364 quaerimus,
603 2286 761 2367 quomodo
792 2284 849 2350 illa
870 2284 1030 2366 generalis
1053 2284 1184 2366 genitivi
1206 2284 1303 2366 signi·

151 2376 255 2444 ficatio
284 2381 464 2446 accuratius
487 2382 679 2463 explicetur,
711 2379 973 2463 proficiscendum
1000 2387 1050 2446 θεῖ
1071 2381 1131 2446 hac
1152 2381 1186 2446 in
1206 2401 1242 2448 rc
1265 2382 1304 2447 ab

153 2495 192 2540 ea
214 2478 262 2557 vi,
290 2496 373 2558 quae
397 2480 534 2546 omnium
556 2480 718 2544 notionum
741 2483 791 2543 θεῖ
813 2479 996 2545 communis.
1040 2479 1139 2560 Atqui
1166 2480 1199 2545 in
1228 2498 1305 2547 una·

157 2592 282 2656 quaque
315 2578 441 2642 notione
473 2576 680 2642 discernenda
712 2581 787 2642 sunt
815 2576 847 2642 id
877 2578 961 2657 quod
991 2575 1047 2643 illa
1085 2579 1304 2658 complectitur

156 2672 308 2754 (ambitus
335 2675 489 2754 notionis,
516 2671 663 2758 Umloug)
694 2678 727 2739 et
759 2674 792 2739 id
815 2675 898 2755 quod
924 2675 958 2738 in
984 2693 1023 2740 ea
1043 2676 1128 2742 inest
1151 2671 1303 2758 (ffpnbolt),

155 2790 237 2852 quae
260 2773 362 2852 ambo,
386 2773 413 2837 si
439 2771 623 2837 interiorem
645 2790 755 2837 eorum
776 2772 1024 2854 magnitudinem
1047 2779 1181 2854 spectas,
1203 2775 1306 2839 inver-

154 2887 222 2934 sam
245 2869 328 2937 inter
351 2889 385 2935 se
406 2871 642 2952 proportionem
663 2867 813 2952 efficiunt,
836 2889 991 2952 namquo
1012 2871 1107 2938 latius
1129 2876 1220 2952 patet
1240 2889 1306 2936 am-

161 2967 247 3032 bitus
268 2967 415 3049 notionis,
439 2987 475 3033 eo
498 2969 610 3050 minus,
633 2985 695 3049 quo
718 2969 884 3050 angustior
905 2969 959 3034 ille
983 2974 1042 3049 θεῖ,
1066 2987 1103 3034 θο
1125 2969 1198 3050 plus
1221 2969 1253 3035 in
1269 2987 1307 3034 ca

158 3066 251 3130 inest.
297 3065 425 3147 Quodsi,
448 3070 604 3147 utsupra
627 3066 828 3146 dictumest,
851 3068 991 3146 genitivo
1013 3067 1158 3149 apposito
1182 3086 1307 3148 semper

157 3159 239 3229 effici
262 3163 419 3241 volumus,
450 3183 489 3228 ne
511 3164 599 3230 notio
621 3164 714 3230 nimis
734 3165 800 3230 late
822 3169 947 3246 pateat,
970 3182 1040 3230 cum
1062 3184 1176 3232 nomen
1199 3166 1230 3230 in
1253 3183 1307 3245 ge·

160 3261 259 3326 nitivo
286 3261 422 3341 positum
450 3261 551 3342 illam,
580 3267 736 3343 quatenus
763 3263 804 3328 ad
831 3250 1069 3346 intelligendum
1091 3264 1308 3330 necessarium

158 3364 219 3439 est,
243 3357 381 3438 definiat,
405 3360 523 3440 duplici
546 3361 578 3425 id
604 3361 698 3426 modo
724 3357 794 3425 fieri
814 3368 940 3442 potest,
963 3381 1000 3428 ac
1021 3363 1157 3444 primum
1180 3362 1309 3441 quidem

156 3457 218 3535 ita,
241 3461 277 3521 ut
299 3457 385 3522 notio
409 3456 587 3524 definienda
613 3458 652 3523 iis
684 3458 762 3539 ipsis
789 3456 904 3525 finibus
934 3459 1130 3536 includatur,
1160 3458 1200 3524 ad
1229 3477 1308 3540 quos

160 3561 276 3620 natura
299 3574 357 3620 sua
378 3557 527 3635 pertinet,
549 3555 644 3637 hique
667 3557 805 3638 genitivo
829 3559 1062 3624 constituantur
1084 3563 1118 3622 et
1140 3557 1308 3638 designen-

162 3659 223 3717 tur.
268 3653 317 3718 Ex
343 3652 402 3716 hoc
431 3671 547 3734 genere
573 3653 716 3736 genitivi,
745 3655 799 3720 ubi
826 3656 959 3722 alteram
986 3656 1146 3721 notionem
1173 3656 1308 3720 maxime

159 3751 290 3832 propria
318 3757 352 3816 et
380 3751 532 3830 peculiari
561 3750 788 3832 significatione
808 3754 842 3819 in
872 3772 906 3818 se
928 3754 1075 3834 includit,
1103 3753 1252 3820 facillime
1276 3759 1310 3818 et

160 3856 272 3929 sponte
304 3866 362 3913 sua
388 3850 528 3914 nascitur
550 3847 737 3931 significatio
761 3851 829 3916 eius
851 3852 975 3932 localis,
1008 3852 1113 3916 inesse
1136 3851 1255 3931 aliquid
1276 3851 1309 3916 iu

160 3947 266 4026 aliquo
289 3947 367 4012 loco.
412 3946 557 4012 Alterum
588 3952 652 4027 est,
679 3949 707 4014 si
735 3949 874 4014 ambitus
902 3951 1039 4016 notionis
1066 3951 1112 4014 ita
1133 3955 1310 4028 coercetur,

161 4049 198 4106 nt
219 4053 377 4126 augeatur
397 4045 440 4125 id,
463 4044 551 4126 quod
573 4046 605 4111 in
627 4044 681 4110 illa
702 4047 801 4124 inest,
824 4047 908 4128 quod
930 4048 1007 4112 item
1028 4046 1066 4112 fit
1087 4047 1232 4128 apposito
1254 4066 1309 4129 ge-

160 4141 269 4206 nitivo.
313 4141 456 4224 Utroque
471 4160 588 4223 genere
603 4145 733 4225 genitivi
750 4145 834 4210 idem
850 4142 996 4224 efficitur,
1021 4163 1210 4226 quamquam
1227 4146 1309 4211 ratio

163 4241 197 4302 et
218 4238 279 4318 via,
303 4257 365 4320 qua
387 4241 441 4321 qni
463 4240 604 4320 loquitur
626 4243 742 4323 quique
764 4243 853 4308 audit
875 4244 1065 4324 cogitatione
1088 4261 1146 4308 sua
1170 4245 1211 4308 ad
1232 4243 1309 4309 illud
