3064 4754
498 259 586 300 CASUS
602 258 869 300 SUBSTANTIVOBUM.
890 279 916 288 -
935 259 1075 300 ΔΟΟΙΙΒΔΤ.
1309 265 1369 326 211

216 441 285 495 ants
313 435 430 497 ostium.
474 432 563 498 Pers.
594 430 633 510 V,
664 437 691 510 1,
722 435 759 496 6:
794 438 862 494 ann
890 435 997 496 ostiam
1023 440 1055 494 et
1079 433 1212 495 innon.
1258 429 1372 498 creon.

216 530 296 594 snt.
318 527 445 594 Nothus
461 530 590 602 Nicasio
612 529 651 594 ir.
669 535 705 592 2:
731 535 800 592 cate
821 534 928 594 ostiam
950 533 999 592 hic
1023 534 1141 594 erimus.
1186 526 1370 594 Sumboluin

213 624 252 690 ir.
272 631 302 688 i:
327 629 463 688 Destitui
486 647 588 690 omnes
611 647 714 690 servos
736 629 773 689 ad
796 646 929 690 mensam
952 633 1020 690 ann
1041 627 1093 692 se.'
1115 626 1182 693 Ine.
1197 624 1260 692 fab.
1276 624 1315 688 ir.
1336 629 1370 690 3:

213 727 254 786 Ut
271 743 317 785 me
334 725 422 786 hodie
439 730 507 785 ente
527 742 626 786 omnes
647 726 769 786 comicos
783 727 887 788 stultos
900 743 983 787 senes
998 727 1137 788 Versaris
1158 733 1247 801 atque
1271 740 1372 784 emun-

213 824 294 882 xeris
318 824 493 883 lautissime.
539 821 665 884 Terent.
695 819 829 900 adelph.
853 821 913 900 ΙΙΙ,
938 827 967 901 3,
992 826 1045 886 32:
1069 826 1152 884 Istue
1179 827 1227 883 est
1255 836 1371 895 sapere,

213 937 271 980 non
290 920 368 994 quod
384 920 550 992 antepedes
565 921 683 980 modost
698 920 817 992 Videre,
843 922 895 981 sed
913 923 1002 981 etiam
1017 923 1070 981 illa
1086 937 1161 996 quac
1177 919 1279 980 futura
1295 921 1372 978 sunt.

299 1016 399 1089 Apud.
444 1014 481 1078 In
503 1013 564 1078 hac
586 1013 823 1094 praepositione
846 1015 1057 1082 describenda
1078 1033 1194 1096 sequar
1209 1011 1370 1076 Handium

214 1110 347 1176 Turseli.
372 1111 406 1175 T.
429 1111 455 1188 Ι,
478 1129 508 1192 p.
532 1116 594 1175 405
618 1127 695 1191 sqq,
719 1111 774 1190 qui
796 1111 886 1177 dicit:
921 1113 1031 1188 ‚Apud
1056 1112 1186 1192 proprie
1214 1105 1373 1190 significat

215 1208 486 1288 propinquitatem
510 1226 629 1286 rerum,
651 1226 714 1273 non
736 1225 816 1288 eam,
839 1227 921 1290 quae
943 1207 1254 1290 appropinquatione
1276 1202 1373 1271 effici-

212 1309 267 1368 tur
297 1316 347 1378 tea
374 1306 459 1369 enim
489 1323 548 1385 per
578 1308 618 1366 ad
640 1306 854 1387 exprimitur),
885 1308 941 1373 sed
962 1309 997 1371 in
1018 1323 1081 1388 qua
1104 1305 1185 1370 duae
1208 1322 1260 1369 res
1282 1304 1371 1368 iuxta

213 1402 337 1481 positae
360 1407 524 1484 apparent.
550 1401 656 1479 Quare
680 1421 751 1468 cum
773 1405 895 1484 verbis,
919 1422 1002 1485 quae
1025 1409 1147 1470 motum
1168 1400 1210 1465 ad
1232 1400 1368 1481 aliquem

216 1501 319 1564 locum
343 1504 469 1576 notant,
504 1500 707 1581 coniungitur
729 1519 902 1580 numquam
924 1520 944 1565 a
967 1501 1058 1567 bonis
1082 1499 1212 1580 quidem
1235 1499 1369 1578 scripto·

213 1595 334 1662 ribus.“
375 1602 401 1662 l.
424 1596 608 1676 Usurpatur
623 1597 761 1679 primum
777 1598 817 1663 de
832 1599 977 1678 proxima
992 1598 1079 1678 sede,
1103 1605 1140 1662 ut
1154 1597 1258 1662 Plaut.
1274 1595 1371 1660 Most.

218 1694 243 1772 1,
269 1698 297 1770 3,
325 1699 399 1758 141:
421 1699 522 1756 Etiam
546 1715 623 1756 nunc
647 1698 749 1757 decem
773 1701 870 1758 minae
895 1705 969 1772 opat
990 1703 1017 1758 te
1039 1704 1117 1760 sunt.
1160 1695 1248 1758 Pers.
1262 1692 1316 1770 IV,
1340 1682 1370 1764 4,

214 1797 268 1858 65:
293 1803 365 1870 aput
388 1797 476 1856 hunc.
505 1791 601 1856 Merc.
615 1791 674 1870 111,
698 1797 729 1871 4,
756 1797 793 1856 17
810 1797 844 1856 et
861 1797 914 1857 18:
937 1796 1018 1870 apud
1039 1801 1180 1857 mortuos.
1205 1821 1248 1836 -
1270 1795 1299 1854 2.
1322 1790 1370 1854 Dc

213 1889 395 1972 praesentia
417 1891 537 1954 dictum
560 1908 663 1952 corone
685 1887 856 1970 significat,
884 1891 1036 1972 namqui
1059 1908 1164 1955 coram
1187 1887 1293 1967 aliquo
1313 1884 1369 1949 ali-

214 1988 289 2066 quid
306 1987 382 2069 agit,
405 2005 506 2068 prope
530 1987 639 2053 adstat
661 1991 694 2051 et
716 2005 786 2051 cum
807 2005 845 2052 eo
867 1989 943 2070 agit.
988 1989 1040 2054 Sic
1056 1985 1185 2067 scripsit
1200 1983 1279 2050 Octo
1300 2001 1371 2049 ora·

212 2084 332 2148 tionem
355 2089 435 2162 epod
448 2086 643 2148 Athenienses
668 2083 801 2166 (Meyer.
825 2103 856 2166 p.
873 2087 940 2166 20),
963 2086 1018 2151 ubi
1032 2083 1243 2149 Ruhnkonius
1265 2098 1371 2146 emen*

210 2182 370 2248 dationem
398 2201 487 2248 suam
514 2185 554 2244 ad
574 2186 769 2246 Athenienses
795 2184 997 2250 retractavit.
1049 2182 1155 2247 Plaut.
1185 2177 1299 2262 Amph.
1327 2176 1370 2255 II,

216 2284 243 2357 1,
267 2285 307 2344 43
336 2281 450 2356 (Hand.
473 2298 504 2361 p.
528 2283 618 2356 408):
653 2285 829 2344 miserruma
857 2287 954 2346 istaec
985 2283 1137 2344 miseriast
1167 2297 1253 2342 servo
1282 2280 1370 2350 bono,

215 2378 300 2452 Aput
321 2397 402 2440 erum
426 2383 476 2454 qui
498 2397 569 2440 vera
591 2383 733 2456 loquitur,
757 2384 782 2443 si
803 2383 835 2442 id
857 2384 887 2443 vi
908 2397 1010 2443 verum
1032 2381 1169 2440 vincitur.
1213 2374 1300 2438 Pers.
1317 2371 1372 2448 IV,

217 2480 245 2551 9,
271 2480 303 2541 9:
334 2479 383 2538 Illi
405 2482 479 2550 opnt
493 2482 664 2551 praetorem
687 2480 792 2540 dicam.
817 2510 855 2522 -
882 2482 909 2541 3.
933 2473 1056 2539 Deinde
1079 2472 1195 2538 dicitur
1217 2470 1257 2535 de
1279 2469 1372 2533 d01n0

219 2577 253 2635 et
275 2571 432 2636 domicilio
455 2573 550 2636 etde
573 2570 661 2651 locis,
684 2573 715 2637 in
739 2573 855 2652 quibus
877 2571 993 2652 aliquis
1015 2571 1139 2635 versari
1161 2569 1251 2634 solet.
1280 2566 1372 2632 Unde

215 2667 352 2733 formula
376 2672 457 2745 apnd
478 2689 521 2739 se,
555 2673 636 2745 onnd
658 2677 697 2739 te,
731 2670 826 2733 etiam
850 2670 983 2734 absente
1005 2669 1075 2747 ipso
1105 2667 1246 2743 domino,
1280 2663 1373 2728 etde

215 2767 311 2830 rebus
345 2767 535 2832 domesticis
582 2766 679 2832 Naev.
710 2767 837 2831 Ariolus
869 2765 907 2830 ir.
936 2771 970 2830 2:
1011 2769 1083 2840 Quis
1117 2767 1183 2826 heri
1210 2764 1291 2839 epod
1325 2763 1373 2822 te?

215 2862 319 2927 Plaut.
344 2863 440 2928 Stich.
464 2865 518 2943 IV,
544 2871 571 2943 1,
600 2871 647 2928 li.
674 2869 726 2928 12:
762 2868 835 2926 Cras
858 2866 939 2940 apnd
959 2882 1005 2926 ane
1027 2865 1111 2924 eritis
1134 2895 1188 2924 -.
1232 2859 1299 2922 PA.
1333 2864 1374 2920 At

216 2968 288 3036 npnt
313 2981 357 3022 nee
390 2965 542 3037 perendie.
588 2961 683 3027 Most.
714 2981 740 3024 v.
765 2966 827 3026 238
855 2969 888 3025 et
918 2960 1017 3025 Merc.
1048 2978 1076 3023 v.
1108 2963 1187 3023 543:
1222 2967 1295 3034 aput
1317 2977 1373 3018 me.

183 3119 186 3128 .
217 3056 315 3123 Mero.
345 3057 403 3136 111,
433 3065 462 3138 2,
493 3063 548 3122 24:
588 3064 667 3136 apud
688 3055 744 3122 me.
789 3057 884 3123 Most.
907 3057 962 3136 IV,
987 3062 1016 3135 3,
1043 3060 1095 3119 15:
1135 3061 1208 3130 aput
1236 3061 1262 3114 te
1285 3072 1374 3114 cena-

215 3175 295 3218 vero.
340 3155 437 3220 Mero.
466 3154 657 3234 n1‚3,19:
692 3161 773 3232 Aput
795 3165 834 3220 te.
879 3152 1197 3232 Merc.V,¹2,108=
1233 3153 1311 3228 apud
1333 3160 1373 3214 te.

215 3253 304 3318 Pers
328 3272 357 3316 v.
381 3257 458 3317 491:
481 3253 568 3328 Anni
589 3260 623 3314 te.
648 3253 742 3317 TOX.
781 3258 849 3330 Ain,
872 3259 946 3328 opat
966 3252 1063 3313 mest?
1099 3248 1226 3315 DORD.
1250 3252 1307 3310 Aio
1328 3251 1372 3308 in-

217 3370 317 3426 quam:
350 3357 423 3426 apat
444 3357 508 3429 test,
533 3354 662 3426 inquam.
708 3349 802 3414 Most.
828 3349 864 3429 V,
890 3357 919 3429 2,
943 3353 976 3413 8:
1009 3356 1080 3425 aput
1107 3367 1170 3410 nos.
1216 3345 1312 3410 Mera.
1335 3344 1374 3423 V,

217 3455 247 3524 4,
271 3453 328 3512 48:
353 3451 432 3524 apud
455 3468 518 3510 nos.
564 3446 637 3512 Alia
653 3446 799 3525 exempla
814 3445 886 3510 vide
902 3447 988 3526 apud
1003 3444 1163 3510 Haudium
1185 3461 1216 3524 p.
1237 3446 1309 3507 408.
1333 3474 1376 3484 -

216 3550 246 3608 4.
271 3545 314 3608 Et
336 3544 530 3610 transfertur
553 3545 593 3608 ad
616 3544 765 3621 animum,
789 3543 968 3621 diciturque
990 3541 1030 3606 de
1050 3540 1187 3619 homine,
1210 3539 1264 3620 qui
1286 3554 1374 3601 men·

217 3642 259 3706 tis
283 3642 443 3720 animique
468 3659 596 3721 compos
620 3647 686 3721 est,
709 3639 900 3720 praesertim
921 3640 953 3704 in
976 3639 1125 3720 negativa
1145 3635 1319 3715 sententia,
1342 3635 1376 3696 in

217 3755 280 3817 qua
303 3738 483 3820 negationis
512 3738 672 3818 particula
695 3756 766 3802 cum
790 3736 888 3800 verbo
911 3753 1038 3815 semper
1061 3735 1270 3800 connectitur.
1315 3731 1375 3794 Tc·

215 3841 296 3901 rent.
329 3838 427 3904 Andr.
450 3836 487 3915 V,
513 3842 543 3915 4,
566 3841 620 3900 34;
645 3839 702 3898 Vir
725 3854 786 3896 sum
814 3835 1176 3908 cenomannenses
1200 3836 1377 3891 commotast

216 3944 308 4010 metu,
332 3937 402 4011 spe,
427 3936 543 4010 gaudio.
582 3932 699 3998 Heaut.
712 3932 750 4010 V,
778 3935 886 4011 1,48;
910 3933 986 3992 Prae
1002 3931 1166 4002 iracundia,
1189 3928 1375 4001 Menedeme,

218 4052 276 4094 non
295 4052 358 4094 sum
375 4033 456 4106 enred
476 4049 530 4092 ne.
569 4028 642 4094 Alia
658 4028 801 4108 exempla
816 4026 888 4092 vide
904 4025 991 4104 apud
1005 4024 1166 4088 Handium
1188 4041 1219 4102 p.
1236 4025 1310 4088 409.
1332 4053 1375 4064 ·-

220 4133 247 4192 5.
273 4127 377 4204 Quum
401 4127 491 4192 locus
513 4143 683 4206 personae,
706 4131 739 4189 et
761 4141 843 4203 quae
865 4121 906 4188 ad
927 4138 997 4186 cam
1018 4121 1189 4200 pertinent,
1212 4137 1264 4184 res
1280 4117 1377 4197 signi·

218 4222 373 4304 ficantur,
408 4222 555 4290 vocabuli
578 4240 654 4288 usus
678 4240 716 4286 eo
740 4239 842 4302 usque
863 4223 1085 4302 promovetur,
1109 4221 1154 4290 ¹ut
1176 4215 1218 4282 sit
1240 4219 1373 4291 aperte,

1079 4319 1138 4380 14*
