3070 4758
222 274 285 333 302
665 261 820 306 suasum.
842 263 907 304 oar.
922 263 960 304 uu

221 440 303 499 hunc
325 439 469 514 sapiunt
492 456 615 516 quaeso,
635 437 726 502 rebus
746 435 882 514 ΜΡ)
924 434 1020 500 Pom.
1041 433 1080 513 V,
1099 438 1130 513 2,
1153 439 1209 500 ta:
1244 439 1282 498 ln
1305 457 1416 514 m·

220 553 291 612 pam
314 535 395 598 adia
417 542 466 616 (aa
482 532 540 598 bru
556 529 699 611 esteten)
721 536 796 598 dare
818 553 851 597 sc
873 537 951 597 ualle
973 533 1127 595 mato.
1162 529 1202 608 V,
1217 538 1249 612 4,
1264 538 1310 600 83
1326 552 1416 615 sq.:

220 634 308 695 Nune
330 633 410 710 quod
431 635 504 696 boni
525 634 558 694 di
578 633 653 696 dunt
673 635 804 708 mihi”),
826 634 909 694 uobis
931 638 1108 707 tortusque
1129 635 1236 706 matri,
1268 634 1318 694 iio
1347 637 1415 696 dis

221 739 269 794 est
285 748 411 807 aequom
423 733 537 807 matius
553 749 609 792 nos
620 748 711 806 agere
727 732 938 804 sempiternas.
966 726 1107 792 Licinius
1117 725 1246 792 Imbrex
1258 727 1414 793 Neaera

217 846 250 908 r.
282 832 316 892 2:
351 829 425 890 Gom
452 829 573 904 quidem
598 829 735 888 Mavorti
763 845 796 890 cs
822 829 855 888 in
877 827 1033 888 conubium
1061 827 1141 888 duta
1184 823 1300 889 Naevii
1325 826 1412 890 elo·
1505 827 1506 898 l

221 924 310 1006 glum
325 922 453 1004 abipso
472 923 645 1003 seriptum:
668 927 773 1001 itaque
792 933 950 1000 postquam
974 929 1021 984 est
1040 922 1147 984 eram
1171 923 1303 985 eodm
1328 926 1410 988 tlte-

222 1039 323 1085 aaoro.
368 1019 464 1086 Ennii
487 1020 620 1086 Medeae
650 1019 752 1085 exulis
778 1018 817 1084 lr.
845 1023 896 1084 12:
930 1023 987 1082 lile
1016 1027 1190 1081 transversa
1216 1029 1319 1081 mente
1353 1024 1409 1082 mi
1505 1045 1506 1048 ¹

224 1121 313 1181 hodie
337 1121 462 1181 tradidit
483 1123 636 1196 repagula.
680 1116 882 1181 Euhemerus
903 1115 942 1180 ir.
965 1121 994 1196 3,
1016 1115 1069 1179 lin.
1087 1119 1144 1179 24:
1167 1118 1197 1176 iu
1221 1119 1301 1180 hunc
1326 1137 1404 1182 mo·

227 1219 298 1278 dum
321 1217 406 1278 nobis
428 1234 466 1278 cx
488 1235 576 1278 sacra
599 1219 763 1292 scriptione
785 1218 898 1278 medita
918 1221 973 1276 est
1016 1211 1111 1276 Ennii
1133 1213 1233 1293 epigr.
1257 1219 1296 1277 2:

391 1317 450 1376 Hic
473 1321 521 1376 est
542 1317 595 1376 ille
619 1317 702 1388 situs,
726 1315 775 1374 coi
797 1331 884 1374 nemo
906 1314 979 1372 ciuis
1001 1328 1096 1386 neque
1118 1313 1213 1373 hostis
1505 1307 1506 1326 ³

390 1413 490 1486 Quivit
513 1429 568 1487 pro
591 1411 680 1472 luctis
702 1411 824 1472 reddere
846 1412 911 1484 opis
933 1410 1072 1484 pretium.

222 1505 326 1571 Plaut
349 1503 464 1588 fragm.
488 1525 518 1586 p.
542 1510 617 1587 484,
640 1525 669 1570 v.
692 1513 728 1570 4:
759 1511 820 1569 Iam
844 1508 901 1568 tibi
922 1508 981 1567 tuis
1003 1506 1119 1566 meritis
1141 1522 1262 1567 crassus
1285 1510 1399 1569 corius

221 1606 358 1666 redditus
374 1613 430 1668 est
464 1603 558 1668 Ennii
574 1603 798 1670 Andromacha
813 1600 1028 1667 Aecbmnlotis
1039 1598 1077 1664 ir.
1096 1606 1129 1664 l:
1152 1603 1394 1666 Andromachae

222 1721 330 1764 nomen
357 1705 408 1778 qni
433 1705 552 1764 indidit
597 1701 724 1767 Trabea
752 1700 790 1765 fr.
819 1701 878 1764 inc.
907 1697 968 1765 tab.
996 1716 1026 1760 v.
1048 1701 1081 1762 5:
1114 1701 1196 1760 mas·
1221 1719 1254 1760 se
1284 1701 1394 1762 dedet.

220 1797 326 1862 Plaut.
341 1797 409 1863 Mil.
425 1798 468 1876 Il,
485 1802 514 1877 6,
531 1801 586 1864 69:
611 1803 687 1874 Quoi
709 1817 756 1860 me
779 1799 934 1860 custodem
955 1815 1025 1858 erus
1047 1799 1160 1858 addidit
1182 1799 1269 1858 miles
1292 1817 1395 1861 meus.
1505 1789 1506 1830 ³

220 1895 295 1958 Aul.
317 1891 378 1974 Ill,
402 1899 432 1974 6,
455 1899 512 1959 20:
537 1900 631 1971 Quem
654 1899 801 1972 quondum
824 1899 890 1957 Ioni
912 1898 986 1956 Iuno
1006 1895 1158 1955 custodem
1181 1895 1307 1968 addidit,
1332 1894 1394 1958 ubi

220 1990 352 2056 Servius
374 1991 415 2056 ad
437 1991 516 2055 Aen.
538 1994 625 2054 Iouis
647 1991 739 2068 citat,
767 1992 825 2056 sed
847 1991 909 2056 vid.
933 1989 1048 2054 Osann.
1072 1989 1155 2053 anal.
1178 1991 1248 2053 orit
1276 1990 1310 2054 in
1335 1993 1389 2062 ed,
1505 1977 1506 2066 l

220 2086 372 2152 Goelleri.
417 2087 513 2152 Ennii
534 2086 572 2152 fr.
596 2090 656 2152 inc.
673 2095 756 2168 trag.
773 2093 828 2152 27:
854 2087 1025 2165 [Umquam]
1049 2091 1206 2164 quicquam
1227 2091 1389 2164 quisquam

220 2188 370 2260 maiorm,
394 2188 473 2262 quod
495 2187 523 2246 ei
545 2190 712 2258 conueniat,
735 2187 846 2264 neget?
871 2186 965 2250 Ennii
981 2183 1112 2264 Telephi
1126 2183 1165 2248 fr.
1187 2188 1235 2264 13,
1256 2203 1284 2248 v.
1301 2189 1385 2248 387:
1505 2199 1506 2210 ¹

219 2285 319 2357 horno,
344 2285 395 2358 qni
417 2287 534 2344 erranti
556 2289 682 2348 comiter
702 2293 850 2346 monstrat
872 2289 958 2347 uiam
1003 2282 1082 2346 Cato
1097 2281 1134 2344 R.
1150 2281 1187 2345 R.
1204 2300 1229 2346 c.
1244 2284 1279 2344 a:
1300 2285 1387 2356 Ager

221 2381 306 2443 oleta
327 2383 526 2457 conserando,
551 2385 602 2458 qui
624 2384 655 2444 in
679 2389 797 2444 uentum
813 2385 976 2445 Fauonium
1000 2381 1149 2456 spectabit
1163 2390 1197 2440 et
1216 2381 1273 2442 soti
1292 2386 1390 2442 oaen-

219 2482 268 2538 tas
290 2481 361 2551 crit,
385 2480 463 2539 alius
485 2480 580 2542 bonus
603 2484 702 2542 nullus
725 2484 793 2542 erit.
829 2479 888 2544 ib:
913 2481 971 2554 Qui
992 2482 1076 2539 locus
1098 2481 1166 2540 uiuo
1188 2479 1319 2552 optimus
1342 2480 1389 2538 di·

218 2575 298 2634 citur
325 2591 392 2634 csse
421 2585 453 2636 et
480 2581 610 2639 odenato
629 2579 694 2639 soa.
739 2575 835 2640 Ennii
856 2575 1025 2639 Euhemer.
1048 2573 1086 2639 ir.
1111 2580 1140 2652 3,
1167 2573 1221 2638 lin.
1245 2577 1300 2637 21:
1340 2579 1389 2638 lbi

217 2671 362 2732 Glaucam
389 2671 481 2734 filiam
510 2673 642 2738 &aaa
672 2678 842 2738 ostendunt.
887 2671 926 2735 lr.
951 2673 982 2751 8,
1004 2674 1062 2735 46:
1083 2673 1153 2734 Ioui
1173 2673 1387 2735 ostendebant

217 2765 344 2832 Terent
375 2768 474 2833 Andr.
506 2770 544 2841 V,
574 2778 600 2850 i,
632 2777 687 2835 12:
722 2780 812 2848 gnato
841 2777 874 2831 ut
900 2771 1069 2831 medicarer
1095 2780 1157 2833 tuo.
1202 2767 1240 2847 V,
1262 2773 1294 2847 4,
1321 2775 1385 2834 41:
1505 2767 1506 2834 l

216 2883 305 2941 quom
331 2883 387 2940 ego
418 2870 534 2942 possim
558 2871 590 2929 in
617 2871 674 2930 hac
696 2886 729 2930 re
758 2869 902 2929 medicari
928 2866 1023 2926 mihi?
1066 2864 1178 2930 Naevii
1201 2864 1384 2948 Quadrige·

215 2959 309 3024 mini:
343 2981 398 3024 suo
419 2964 518 3026 labori
540 2969 638 3027 nullus
661 2969 788 3042 parcuit.
833 2962 929 3026 Ennii
951 2960 1156 3041 Cresphontis
1184 2961 1222 3026 fr.-
1247 2967 1282 3028 5:
1315 2967 1387 3042 Ego

216 3073 300 3120 meae
328 3077 394 3120 cum
417 3062 497 3122 uitae
516 3081 648 3138 parcam
692 3061 797 3126 Plaat.
813 3058 905 3122 True.
921 3057 964 3138 Π,
987 3063 1018 3138 4,
1044 3063 1099 3123 19:
1122 3061 1244 3122 Utinam
1265 3067 1386 3138 aprin·
1505 3125 1506 3150 i

216 3156 295 3230 cipio
322 3157 369 3216 rei
390 3157 463 3218 item
485 3163 649 3235 parsissem
671 3177 771 3234 meae,
806 3159 849 3220 Ut
869 3175 948 3218 nunc
975 3160 1112 3233 reparcis
1139 3162 1238 3223 saviis.
1283 3159 1384 3224 Poen.
1505 3151 1506 3168 ³

216 3248 254 3328 V,
278 3253 309 3329 3,
333 3253 389 3313 26:
418 3254 496 3316 Tace
521 3264 610 3332 atque
632 3255 886 3333 parcemuliebri
909 3257 1099 3329 supellectili.
1505 3317 1506 3338 ἶ

300 3345 370 3410 Liv.
393 3347 565 3416 Andronis.
589 3352 736 3433 Aegisthi
758 3351 796 3416 lr.
819 3355 858 3415 4:
880 3353 977 3414 Nenro
998 3353 1074 3412 haec
1095 3359 1227 3414 vostrum
1248 3356 1385 3414 rumine·

215 3451 266 3504 tur
286 3447 416 3506 mdieri.
459 3447 560 3512 Naev.
587 3448 764 3514 Tarentilla
791 3446 828 3511 fr.
852 3451 886 3525 2,
918 3464 947 3509 r.
976 3451 1034 3511 76:
1067 3452 1129 3510 Alii
1151 3453 1291 3524 adnutat,
1327 3454 1384 3512 alii

216 3543 363 3604 adnictat.
407 3541 486 3608 Cato
509 3545 546 3609 R.
569 3545 606 3610 R.
630 3563 657 3610 e.
682 3551 717 3610 5:
740 3550 796 3609 cui
817 3549 916 3608 iussus
939 3547 1007 3620 sict,
1031 3551 1188 3608 auscultet.
1232 3544 1296 3609 Ib.:
1319 3549 1382 3608 Bu·
1505 3627 1506 3632 ἵ

214 3637 313 3699 bulcis
328 3641 513 3715 obsequutor.
558 3643 638 3708 Octo
653 3643 693 3707 de
708 3643 894 3707 Ptolemaeo
911 3647 1021 3706 contra
1035 3640 1208 3706 Thermum
1228 3659 1278 3722 ap.
1294 3641 1381 3708 Geli.

212 3731 284 3810 XX,
303 3737 336 3798 1:
359 3737 418 3797 Per
439 3741 512 3802 deos
527 3743 715 3816 immortalis,
737 3745 829 3804 nolite
845 3759 898 3803 sos
918 3745 1053 3815 atque...
1077 3747 1234 3816 sequestro
1256 3759 1380 3817 ponere.

213 3897 406 3908 ——-....

282 3989 318 4056 ⁸¹)
350 3991 396 4049 Sic
413 3993 495 4050 Both.
532 3993 612 4064 Vulg.
638 3993 676 4050 do
699 3995 772 4050 &aa
794 3995 869 4052 heac
886 3995 1029 4064 mapsam
1050 4006 1165 4062 quomo,
1192 3991 1286 4048 arao
1308 3995 1381 4050 osca

210 4073 336 4142 spondis,
372 4079 418 4145 Ap
437 4075 537 4131 Mebcss
553 4077 620 4132 miss·
633 4079 758 4147 aalaidis.

210 4233 242 4290 di
258 4155 383 4294 aaz?
393 4157 485 4214 Herm.
499 4159 577 4216 elem.
597 4158 674 4215 dn.
693 4178 721 4232 p.
736 4163 795 4217 166.
814 4157 894 4228 Vulg.
912 4155 983 4213 moisi
999 4155 1030 4212 di
1046 4153 1122 4210 deut.
1143 4151 1289 4226 Scioppius
1305 4155 1380 4212 aaa
