3040 4758
472 279 560 320 CASUS
576 280 845 323 sussuuuvwoauu.
861 301 885 312 -
899 283 1002 325 ABLA'P.
1275 295 1318 352 67

158 453 228 514 steu
259 467 388 530 quoque
415 452 606 533 permansit,
643 470 742 533 quum
772 453 804 519 in
830 457 945 523 tertiae
972 457 1192 523 declinationis
1219 459 1322 523 nomi-

156 548 251 614 nibus
286 549 519 629 posterioribus
552 551 750 632 temporibus
790 569 850 634 pro
880 572 918 620 eo
949 554 1107 621 ablativus
1135 560 1319 636 poneretur.

155 646 299 712 Pluralis
333 651 440 712 anum
476 650 600 714 numeri
630 667 791 733 nunquam
819 649 881 717 hit
913 651 1017 717 forma
1049 652 1178 718 locativi
1211 651 1320 734 siugu-

154 742 234 808 laris
257 748 291 809 et
314 751 478 824 separata,
512 746 568 811 sed
598 748 631 812 in
652 747 713 812 hoo
739 765 872 813 numero
904 749 972 815 eius
999 749 1068 816 viee
1097 767 1223 831 semper
1247 748 1321 815 fuu-

155 848 228 906 ctus
260 846 312 907 est
340 842 507 908 ablativus.
551 845 674 910 Deinde
704 845 767 909 hue
799 843 960 911 referendi
993 853 1069 912 suut
1096 847 1165 912 veri
1186 846 1319 912 ablativi

153 938 216 1003 loci
245 943 304 1003 aut
331 940 391 1004 soli
418 946 475 1006 aut
503 942 663 1007 coniuncti
684 961 756 1008 cum
778 943 1070 1024 praepositionibus
1096 949 1144 1016 tu,
1172 949 1241 1015 sub,
1270 964 1320 1008 su·

151 1057 220 1113 per,
260 1044 345 1100 uuus
365 1037 478 1118 positi,
513 1057 552 1103 ex
578 1040 739 1105 adverbiis
766 1046 874 1106 antem
897 1059 951 1120 ea,
986 1057 1067 1121 quae
1094 1043 1227 1108 ablativi
1253 1040 1318 1107 ior·

154 1155 238 1202 mam
262 1136 452 1214 induerunt,
483 1136 571 1201 velut
592 1157 665 1214 oua,
692 1141 762 1208 hee,
789 1141 857 1208 illo,
885 1141 970 1210 illue,
1000 1143 1088 1211 istae,
1119 1144 1152 1204 et
1180 1156 1262 1219 qnae
1285 1141 1318 1204 iu

154 1233 412 1315 praepositiones
442 1249 477 1298 se
505 1239 748 1316 converterunt,
788 1255 895 1312 supra,
934 1241 1022 1300 uate
1052 1242 1142 1318 cett,
1181 1237 1318 1318 denique

149 1351 258 1409 prope,
286 1350 422 1408 putore.
466 1330 560 1396 Ratio
579 1331 705 1411 localis,
732 1350 814 1413 qnae
837 1339 888 1399 est
908 1335 994 1399 inter
1013 1335 1126 1415 plures
1155 1354 1207 1402 res
1233 1337 1318 1401 iuter

155 1448 188 1494 se
213 1429 414 1508 coniunctas,
449 1429 638 1510 exprimitur
660 1449 727 1493 urm
748 1431 987 1512 praepositione
1010 1436 1044 1497 et
1065 1433 1217 1499 adverbio
1244 1453 1314 1497 uuo.

151 1528 357 1592 Postremum
380 1526 480 1605 addo,
518 1527 615 1592 etiam
637 1526 722 1594 huuc
744 1528 921 1594 ablativum
948 1530 1010 1594 loci
1040 1546 1137 1610 saepe
1161 1530 1316 1596 translata

153 1622 388 1706 significatione
407 1625 564 1705 usurpari.

240 1722 354 1788 Naevii
388 1721 525 1803 elogium
560 1722 602 1787 ab
635 1723 705 1802 ipso
736 1724 891 1805 scriptum
925 1742 974 1805 ap.
1001 1725 1143 1792 Klussm.
1177 1743 1207 1805 p.
1236 1729 1315 1792 201:

152 1825 240 1886 obliti
271 1829 340 1884 sunt
361 1823 472 1883 Roaaut'
502 1823 619 1897 loquier
645 1824 754 1884 Latina
783 1826 892 1899 lingua.
936 1823 1031 1888 Ennii
1058 1822 1317 1904 netuphagotiaa

152 1939 182 2003 p.
201 1924 276 1985 166:
300 1923 403 1981 Mures
419 1927 488 1980 sunt
501 1919 590 1989 Aeni,
612 1923 709 1996 spissa
731 1928 833 1984 ostrea
847 1925 977 1998 plurima
990 1923 1101 2000 Abydi.
1135 1925 1194 1984 Est
1204 1929 1316 1998 pecten

151 2023 319 2096 Maeuianae
346 2051 385 2066 -
416 2020 589 2081 Brundusii
619 2027 744 2097 sargust.
790 2019 853 2085 Ib.:
892 2023 1067 2096 Apricnlum
1096 2022 1210 2096 piscem
1237 2023 1314 2082 seito

150 2122 280 2195 primum
303 2135 370 2180 esse
386 2118 519 2179 Puteoli.
550 2117 690 2179 Surrenti
712 2118 778 2180 iace
801 2137 883 2181 emas
905 2121 1053 2194 helopem,
1076 2121 1214 2195 glaucum
1237 2135 1313 2194 cape

152 2217 264 2277 Gumis.
310 2233 339 2278 v.
371 2219 426 2278 10:
459 2215 590 2291 Polypus
622 2216 776 2292 Corcyrae.
822 2213 918 2280 Ennii
945 2215 1005 2280 inc.
1034 2218 1117 2296 trag.
1145 2212 1258 2295 fragm.
1284 2219 1313 2292 7,

151 2329 180 2375 v.
203 2315 282 2377 425:
303 2315 382 2374 Deli.
426 2309 529 2375 Plaut.
552 2310 618 2376 Mil.
641 2332 669 2378 v.
694 2316 770 2378 654:
793 2316 881 2389 Post,
905 2315 1021 2388 Epheso·
1043 2331 1107 2376 sum
1130 2320 1232 2387 natus,
1254 2330 1315 2374 non

152 2413 397 2487 semisepulta,
421 2411 661 2475 uonAuimulue.
705 2410 820 2476 Bacch.
842 2409 885 2491 11,
909 2415 938 2490 3,
965 2413 1041 2476 102:
1065 2413 1179 2472 nullust
1200 2411 1316 2485 Epheso·

152 2513 221 2584 quin
252 2511 336 2570 sciat.
380 2507 437 2586 IV,
460 2513 489 2588 9,
516 2511 592 2572 124:
624 2512 669 2570 Ne
692 2510 744 2570 ille
768 2511 876 2587 edepol
901 2509 1017 2584 Ephesi
1039 2511 1132 2571 multo
1159 2511 1316 2572 mavellem

151 2605 238 2668 toret.
287 2605 380 2686 Epic.
403 2604 442 2684 V,
466 2611 494 2684 l,
518 2609 574 2669 29:
600 2609 627 2666 E
650 2608 790 2684 Philippa
812 2615 907 2668 matre
930 2613 1051 2684 gnatam
1079 2607 1204 2680 Thebis,
1239 2607 1316 2680 Ept-

150 2705 241 2765 duuri
263 2711 368 2766 satam.
412 2701 496 2766 Men.
526 2701 606 2781 prol.
634 2719 663 2766 v.
688 2707 743 2766 2οε
778 2707 916 2778 Tarenti,
953 2702 1031 2766 item
1060 2720 1089 2766 v.
1121 2706 1171 2767 36.
1201 2719 1228 2765 v.
1256 2706 1315 2766 51:

151 2803 320 2878 Epidamni.
366 2799 494 2865 'terent
524 2799 606 2863 Eun.
633 2799 660 2879 1,
684 2803 717 2879 2,
740 2803 796 2864 27:
834 2801 934 2862 Samia
956 2802 1028 2860 mihi
1048 2808 1146 2864 mater
1167 2799 1239 2862 fuit:
1277 2817 1316 2862 ea

153 2901 309 2962 habitabat
330 2899 440 2982 Rhodi.
484 2897 612 2962 Phorm.
629 2895 667 2976 V,
683 2899 713 2976 8,
733 2900 788 2961 48:
813 2899 917 2973 quoius
940 2899 985 2958 vir
1007 2917 1128 2960 uxorem
1144 2931 1187 2942 -
1201 2899 1311 2960 Lanuui

151 2997 253 3058 hahuit
277 2999 375 3059 aliam.

234 3096 333 3156 Duri.
369 3091 449 3158 Cato
472 3094 575 3158 oratio
598 3093 638 3157 de
660 3090 763 3156 multa
787 3094 900 3156 contra
915 3089 951 3154 L.
968 3090 1101 3156 Furium
1119 3107 1169 3170 ap.
1189 3088 1312 3155 Charis.

150 3209 181 3272 p.
208 3189 438 3255 101Putsoh.:
472 3193 565 3252 Domi
592 3209 674 3252 meae
700 3209 791 3267 saepe
818 3191 883 3252 luit.
928 3188 1010 3254 Eun.
1041 3186 1144 3252 annal.
1167 3187 1188 3252 l.
1211 3187 1241 3266 Ι,
1272 3184 1312 3252 fr.

150 3291 199 3352 60.
243 3287 339 3352 Ennii
362 3287 496 3353 Medeae
518 3288 620 3352 exulis
642 3287 679 3353 ir.
704 3293 737 3366 5,
770 3289 841 3352 296.
886 3285 992 3351 Plaut.
1020 3283 1117 3352 Stich
1141 3284 1168 3365 I,
1196 3291 1226 3365 3,
1255 3289 1312 3350 38:

150 3389 176 3448 si
198 3390 331 3449 cenassit
352 3388 439 3448 domi.
483 3384 579 3450 Poen.
604 3384 643 3463 V,
666 3390 695 3465 2,
721 3389 777 3450 89:
811 3387 870 3447 Est
891 3403 947 3462 par
974 3385 1083 3459 probe:
1119 3403 1186 3446 nam
1213 3386 1310 3449 habeo

151 3486 238 3546 domi.
285 3482 363 3549 cist.
385 3482 428 3560 II,
459 3488 486 3561 1,
514 3487 550 3546 2:
585 3488 662 3546 hauc
695 3501 750 3560 ego
778 3485 815 3544 de
844 3499 891 3543 me
926 3484 1128 3544 coniecturam
1155 3483 1235 3542 mut
1266 3481 1312 3543 la·

150 3587 203 3658 cio,
228 3601 266 3644 ne
289 3582 364 3644 ioris
386 3600 537 3658 quaeram,
561 3579 622 3644 vid.
646 3579 751 3644 adnot
775 3578 923 3657 Tenum,
944 3579 999 3659 qui
1022 3578 1176 3659 explicat:
1207 3577 1258 3658 „h.
1282 3595 1311 3643 e.

149 3683 275 3761 meopte
298 3679 442 3758 exemplo
465 3675 672 3760 comperior.“
718 3676 790 3742 Aul.
813 3677 856 3757 Il,
880 3682 910 3757 2,
934 3680 991 3741 88:
1027 3679 1126 3740 Credo
1149 3695 1204 3754 ego
1225 3679 1311 3741 illum

150 3781 207 3840 iam
226 3779 419 3852 inaudivisse,
442 3780 483 3838 mi
506 3795 572 3839 esse
594 3778 787 3838 thensaurum
808 3777 887 3836 domi
910 3773 969 3848 (sic
984 3773 1182 3840 Fleckeisen
1203 3789 1308 3840 exerc.

146 3873 250 3939 Plaut.
274 3891 306 3954 p.
329 3879 393 3947 44).
438 3872 554 3938 Bacch.
577 3871 621 3952 H,
644 3876 673 3950 3,
698 3877 768 3937 131.
792 3871 877 3936 Men.
894 3871 932 3948 V,
956 3876 985 3949 2,
1008 3874 1064 3934 92:
1087 3873 1232 3932 adducam
1256 3875 1307 3946 qui

147 3974 225 4034 huno
247 3975 316 4034 hinc
338 3975 449 4035 tollant
471 3980 503 4033 et
523 3973 603 4032 douai
625 3971 804 4032 devinciant.
849 3967 933 4034 Meu.
955 3985 984 4032 v.
1002 3970 1078 4032 699:
1101 3970 1205 4045 Neque
1228 3969 1308 4030 domi

147 4087 242 4146 neque
273 4077 347 4147 aput
374 4071 498 4130 amitam
528 4070 600 4130 mihi
629 4071 688 4130 iam
716 4068 874 4144 quidquam
900 4067 1043 4128 ereditur.
1087 4062 1171 4130 Meu.
1194 4063 1249 4145 IV,
1278 4070 1310 4139 2,

150 4169 223 4230 102:
251 4170 327 4228 nihil
349 4176 406 4243 est,
432 4169 510 4243 quod
531 4167 664 4241 perdam,
687 4164 774 4230 mut.
820 4163 904 4228 Meu.
926 4161 953 4241 I,
980 4167 1008 4240 1,
1031 4165 1090 4226 29:
1124 4164 1307 4224 Domitium

147 4267 282 4327 dominus
304 4283 378 4328 sum.
423 4263 507 4328 Men.
532 4261 612 4342 prol.
634 4279 662 4326 v.
687 4264 745 4324 42:
781 4264 831 4337 qui
853 4259 971 4326 domist.
1016 4256 1130 4393 lv,*1,
1154 4263 1189 4324 2:
1224 4262 1308 4336 quiu-

674 4359 677 4366 ’
1051 4364 1068 4419 5
