3070 4758
474 295 563 338 esses
577 292 844 338 snamnrrrrorrnrr.
858 315 884 327 ··
897 298 1035 343 accusor.
1272 296 1338 366 '201

181 459 315 543 iltumt,
337 491 382 520 a
403 450 466 548 ‘quo
487 467 616 534 tandein
636 467 730 534 modo
752 465 823 535 fi'ari
843 470 961 553 potest,
982 475 1021 536 ut
1044 469 1147 552 possis
1171 473 1245 536 eett.
1273 462 1340 536 llil.

178 561 248 643 ¹111,
274 569 302 644 1,
325 569 382 631 31:
414 569 551 628 Huncine
581 573 710 629 aetatem
733 586 875 631 exercere
898 568 989 646 [mei]
1013 586 1061 630 me
1089 572 1200 630 amoris
1221 568 1340 646 graus:

182 656 301 725 Pseud.
324 660 351 742 I,
375 666 403 743 2,
427 667 483 728 68:
517 667 654 726 Huncine
678 667 728 726 irie
757 668 904 729 hominem
927 668 992 742 pati
1014 667 1092 744 [nosl
1117 667 1216 728 colere
1239 669 1341 727 iuren-

182 765 280 820 tutem
307 762 459 823 Atticam?
502 759 592 842 Oupt.
616 759 672 842 IV,
696 765 725 841 2,
749 767 782 828 3:
817 765 866 825 Ad
894 766 977 825 illum
1004 765 1121 826 modum
1145 765 1285 825 sublitum
1306 779 1342 825 oa

187 873 256 918 esse
278 860 319 918 mi
340 859 437 922 hodie.
482 856 522 938 V,
547 863 573 934 l,
597 861 652 922 26:
686 861 815 936 Propter
839 879 936 922 meum
967 869 1058 937 eaput
1084 859 1203 923 labores
1230 859 1343 922 hornlrri

184 956 323 1016 evenisse
346 963 477 1032 optnnro.
521 955 638 1021 Pseud.
660 973 689 1019 v.
712 960 790 1020 442:
813 960 895 1019 Tene
917 957 949 1018 id
970 959 1073 1019 mirari
1098 959 1158 1018 —i
1200 953 1283 1020 Rud.
1299 953 1342 1033 ΙΙ,

187 1053 217 1128 2,
241 1054 345 1114 7:1Ut
365 1055 546 1129 pisoutorem
568 1061 733 1131 aequomst,
756 1053 812 1118 ubi
835 1073 874 1118 ex
895 1054 1095 1135 praegressis
1112 1055 1215 1130 parare
1236 1056 1342 1118 mente

181 1146 370 1212 addendum
391 1153 450 1215 est.
495 1150 579 1215 Men.
603 1149 659 1229 IV,
683 1155 712 1228 2,
734 1155 789 1215 96:
824 1153 978 1213 mulierem
1001 1158 1157 1228 aequomst
1182 1153 1342 1214 nemimem»

186 1253 249 1307 tum
272 1249 415 1309 muliebre
439 1251 521 1310 Dare
544 1248 635 1322 iuras,
656 1251 750 1311 virum
772 1251 867 1312 virile.
911 1245 979 1312 llil.
1003 1245 1062 1327 III,
1087 1251 1116 1324 1,
1139 1251 1193 1314 29:
1216 1262 1341 1325 aequom

185 1342 244 1404 fuit
266 1345 348 1406 Deos
371 1348 536 1420 paravisse.
581 1363 612 1408 v.
638 1347 715 1408 132:
738 1347 845 1406 itidem
868 1347 950 1408 dives
973 1347 1150 1422 dispertisse
1172 1347 1262 1408 vitam
1285 1347 1339 1406 hn-

185 1457 301 1502 manam
326 1459 450 1517 aequom
473 1443 538 1506 init.
583 1440 663 1505 Ruti.
687 1438 743 1520 IV,
768 1447 797 1518 7,
820 1447 878 1506 2οι
914 1444 1039 1519 Semper
1067 1459 1175 1504 cavere
1205 1444 1261 1504 hoe
1292 1459 1339 1503 aa·

179 1539 297 1614 -pientis
320 1542 577 1615 aequissumumst.
620 1537 687 1602 Mil.
704 1537 746 1616 ΙΙ,
763 1542 792 1617 6,
809 1543 849 1603 35
865 1555 927 1620 erp:
949 1543 1056 1604 Utrum
1079 1557 1126 1601 me
1149 1542 1340 1618 expostulare

181 1643 284 1696 tecum
299 1643 456 1712 aequomst
469 1639 563 1713 prins,
586 1639 632 1698 An
652 1667 696 1680 —·
715 1638 766 1696 Me
788 1639 966 1713 expurigare
989 1639 1045 1700 tibi
1067 1639 1185 1699 videtur
1207 1639 1340 1713 aequius.

187 1729 303 1796 Bacch.
326 1731 386 1810 ΙΙΙ,
409 1737 439 1811 4,
464 1738 518 1798 29:
541 1736 617 1794 Nam
640 1735 684 1795 illi
708 1739 864 1809 aequomst
884 1753 932 1796 me
955 1737 1120 1800 consulere.
1154 1732 1225 1798 Cae.
1246 1731 1290 1812 ΙΙ,
1313 1735 1343 1812 3,

186 1833 243 1894 47:
265 1831 353 1891 Illum
374 1833 414 1890 mi
436 1835 581 1909 aequiust,
606 1849 692 1908 quam
715 1847 761 1891 me
785 1833 839 1905 llli,
863 1850 939 1908 quae
959 1821 1038 1908 Volo,
1062 1833 1239 1894 eoneedere.
1266 1828 1345 1894 Oist.

185 1925 212 2005 I,
237 1931 265 2005 l,
295 1929 369 1989 116:
404 1928 564 1990 inmundos
586 1929 722 1990 fortunas
745 1935 899 2003 aequomst
921 1933 1088 2006 squalorem
1113 1931 1206 2006 sequi.
1244 1925 1344 2007 epid.

181 2022 227 2093 ll.
250 2028 279 2102 2,
304 2027 359 2086 72:
384 2025 410 2085 si
433 2042 557 2100 aequom
581 2028 647 2100 siet,
671 2025 721 2086 Me
744 2027 812 2102 plus
834 2040 940 2100 sapere
964 2042 1050 2102 quam
1072 2043 1135 2089 vos.
1171 2023 1226 2104 IV,
1244 2029 1272 2103 1,
1289 2029 1344 2088 26:

184 2123 268 2182 'Tuae
287 2121 447 2183 memoriae
470 2123 666 2198 interpretari
687 2139 734 2182 me
756 2139 880 2197 aequom
910 2139 1023 2184 censes.
1057 2121 1112 2201 IV,
1136 2126 1165 2201 2,
1190 2125 1245 2187 16:
1278 2123 1346 2184 Non

182 2235 233 2280 me
261 2221 358 2280 istane
381 2236 487 2295 cogere
511 2227 666 2296 aequomst
688 2237 783 2280 meam
806 2235 873 2281 esse
896 2229 1031 2282 matrem.
1076 2218 1160 2284 Men.
1177 2217 1215 2300 V,
1240 2224 1270 2298 7,
1287 2223 1342 2283 al:

185 2333 233 2377 me
261 2318 392 2391 perirest
413 2319 545 2394 nequius.
582 2315 680 2380 Mera.
698 2315 740 2395 ΙΙ,
764 2321 792 2394 3,
819 2319 893 2379 ll'l:
919 2320 995 2392 Quia
1016 2319 1062 2378 illi
1084 2335 1167 2379 suam
1189 2335 1252 2378 reru
1275 2333 1341 2378 esse

184 2421 341 2491 aequomst
363 2416 393 2473 iu
416 2432 513 2475 manu.
558 2411 616 2492 ΙΙΙ,
641 2418 669 2493 2,
694 2416 728 2477 6:
763 2417 839 2474 Nam
863 2416 939 2476 hane
962 2418 1039 2476 beno
1071 2433 1103 2475 se
1127 2416 1237 2476 habere
1260 2421 1342 2475 aeta·

185 2517 247 2571 tem
271 2512 391 2572 nimiost
414 2514 546 2587 aequius.
584 2507 643 2589 ΙΙΙ,
667 2517 695 2588 3,
711 2513 746 2574 8:
769 2510 848 2587 quod
870 2517 901 2571 te
923 2511 1025 2573 iacere
1048 2529 1103 2588 ego
1125 2527 1250 2588 aequom
1273 2529 1342 2573 een·

186 2625 246 2669 seu.
284 2605 323 2683 V,
340 2611 369 2685 2,
387 2611 442 2670 57:
465 2617 600 2684 nequest,
624 2613 693 2684 quoi
716 2611 809 2684 magis
831 2625 878 2669 me
900 2610 1006 2670 melius
1027 2612 1106 2670 velle
1128 2626 1253 2685 aequom
1276 2613 1343 2672 siet.

186 2702 285 2768 Mere.
308 2702 347 2782 V,
370 2709 400 2784 4,
426 2709 481 2769 11:
514 2707 589 2767 Nam
618 2714 648 2768 te
676 2707 752 2766 istae
782 2711 882 2766 aetate
905 2706 984 2766 haud
1007 2723 1131 2783 aequom
1158 2708 1222 2769 filiu
1243 2707 1344 2769 iuerat

185 2808 237 2863 tuo
259 2803 456 2866 Adulescenti
484 2835 528 2846 -
554 2805 680 2865 amioum
708 2804 837 2878 eripere.
880 2799 919 2881 V,
940 2807 971 2880 4,
996 2805 1051 2867 66:
1083 2803 1170 2864 Nune
1198 2810 1231 2864 et
1258 2806 1343 2864 illurn

185 2899 328 2962 Miserum
351 2906 383 2960 et
404 2917 450 2961 me
473 2903 617 2962 Miseram
639 2907 794 2977 aequomst
819 2901 1010 2962 nominarier.
1055 2897 1150 2964 Poen.
1175 2897 1200 2977 I,
1231 2904 1258 2978 1,
1283 2903 1341 2964 13:

185 2998 345 3073 Ignoscere
367 2997 399 3057 id
422 3006 453 3058 te
475 3001 516 3058 roi
538 3010 701 3074 aequomst.
744 2994 805 3074 ΙΙΙ,
823 3001 852 3076 6,
874 3002 907 3061 d:
931 3001 978 3060 Ita
1000 3016 1054 3060 nus
1076 3001 1154 3059 uelle
1177 3005 1341 3074 usquamst.

185 3090 256 3156 Aul.
281 3091 323 3164 Π,
349 3099 376 3173 l,
403 3099 456 3157 ll:
480 3102 514 3155 ut
536 3105 690 3172 aequumst
711 3127 755 3140 ·-
776 3098 817 3157 Et
838 3097 911 3155 mihi
933 3101 964 3156 te
988 3102 1019 3156 et
1040 3096 1096 3157 tlbl
1116 3111 1162 3156 me
1185 3098 1342 3157 consulere

185 3197 217 3252 et
238 3209 359 3253 monere
384 3189 444 3269 (sie
465 3189 574 3258 Herm.
598 3191 688 3256 elem.
704 3209 735 3272 p.
754 3192 840 3267 308).
869 3191 911 3256 ΙΙ).
937 3209 963 3257 ι.
986 3196 1022 3256 3:
1044 3199 1078 3254 ut
1100 3200 1254 3269 aequomst
1275 3210 1342 3269 gem

181 3305 302 3350 -manam
325 3307 458 3351 sororem
481 3289 537 3367 [sc.
560 3289 671 3365 faeere]
702 3289 761 3364 (sie
788 3286 896 3354 Herm.
920 3288 1010 3353 elem.
1040 3305 1071 3369 p.
1101 3291 1183 3364 308).
1226 3285 1342 3354 Bateh.

184 3381 239 3464 lv,
263 3389 292 3462 9,
315 3389 370 3450 99:
405 3389 447 3450 Ut
473 3394 503 3448 te
533 3389 563 3448 ei
585 3387 695 3448 habere
718 3389 845 3463 gratiam
873 3405 998 3464 aequom
1029 3391 1070 3449 sit
1089 3389 1207 3449 bonam.
1251 3386 1291 3467 V,
1314 3390 1345 3467 2,

182 3487 241 3547 46:
264 3486 369 3560 Neque
392 3491 423 3546 te
447 3491 529 3546 tuost
551 3501 675 3559 aequom
698 3501 765 3545 esse
788 3486 905 3546 iratum.
950 3483 1046 3548 Poen.
1069 3481 1108 3564 V,
1133 3487 1161 3562 2,
1187 3487 1261 3547 121ι
1284 3485 1343 3546 Δι-

182 3589 312 3657 unumst,
335 3582 446 3644 habere
469 3583 658 3655 homotona,
681 3599 757 3657 quae
779 3584 915 3658 possedit
936 3590 1032 3658 pater.
1067 3577 1165 3644 Peen.
1181 3579 1220 3660 V,
1236 3585 1267 3660 4,
1283 3583 1341 3644 84:

183 3678 231 3740 Eo
254 3679 301 3740 dis
331 3685 378 3740 ast
404 3693 530 3756 aequom
557 3680 670 3754 gratias
697 3698 752 3741 nus
779 3697 869 3757 agere
898 3683 1104 3756 sempiternas.
1148 3676 1238 3743 Pers.
1260 3676 1291 3756 l,
1313 3681 1345 3759 3,

182 3777 242 3838 262
271 3777 398 3838 Pernam
422 3778 539 3852 quidem
561 3777 686 3837 Meliust
708 3777 818 3852 adponi
840 3777 978 3854 inigidam
1000 3779 1155 3854 postridie.
1200 3773 1266 3841 Mil.
1283 3773 1343 3856 III,

179 3875 215 3951 3,
243 3875 281 3936 δι
317 3876 358 3935 At
385 3877 506 3935 meliust
534 3871 592 3950 [te]
615 3877 773 3935 monerier.
818 3871 903 3938 Men.
926 3873 965 3954 V,
992 3879 1022 3954 9,
1051 3879 1104 3940 32:
1141 3877 1262 3936 meliust
1288 3888 1344 3936 nes

182 3972 269 4033 adire
296 3980 385 4049 atque
415 3973 495 4035 hune
521 3974 738 4048 percontarier.
782 3969 882 4036 Mem.
905 3969 948 4052 ΙΙ,
977 3977 1007 4052 3,
1038 3977 1112 4036 126τ
1149 3974 1274 4033 Meliust
1301 3977 1343 4046 te,

186 4086 263 4145 quae
287 4079 357 4131 sunt
378 4073 537 4131 mandatae
559 4089 609 4132 res
632 4071 696 4142 tibi,
719 4073 916 4147 praevortier.
954 4069 1043 4135 Pera.
1059 4067 1120 4147 III,
1138 4073 1166 4149 1,
1181 4074 1239 4133 41:
1262 4071 1345 4130 Malo

179 4185 292 4231 aarum
313 4169 435 4232 meliust
456 4175 497 4230 te.
539 4165 635 4232 Paeo.
658 4165 718 4246 ΙΙΙ,
744 4171 771 4244 1,
793 4171 850 4234 43:
886 4185 1025 4232 erasures
1051 4169 1173 4232 modost
1199 4173 1230 4227 te
1252 4166 1341 4226 adro·

182 4270 270 4326 eatos
293 4265 413 4326 dooere.
457 4281 487 4328 v.
512 4266 567 4329 65:
595 4271 626 4327 te
649 4268 810 4329 advocates
832 4265 955 4329 nieliust
975 4263 1037 4344 (sie
1058 4261 1262 4330 scribendam
1285 4275 1346 4341 pre
