3070 4758
417 250 506 292 OASUS
521 247 787 292 suasuunrivoauit.
802 268 826 278 -·
840 247 1004 301 tilimrivus.
1253 256 1314 316 Ὧι

163 424 228 490 iam
257 423 291 490 in
318 422 538 506 superioribus
569 423 697 491 casibus
730 421 1027 500 animadvertimus,
1064 423 1257 498 peccantia
1283 426 1317 488 et

163 524 344 601 qualitativi,
368 538 431 602 qno
452 521 584 600 propius
606 523 701 586 etiam
725 519 905 586 accedimus
927 518 1054 584 adeam
1073 517 1317 598 descriptionem

166 637 308 700 casuum,
332 635 395 699 qua
416 618 480 683 iam
503 618 536 684 in
558 618 777 700 superioribus
800 617 851 682 usi
874 633 993 684 sumus.
1023 615 1075 680 Ad
1096 614 1236 696 priorem
1256 614 1318 696 igi-

166 722 220 782 tur
242 717 356 781 seriem
378 715 584 796 principalem
612 715 775 798 pertinent
798 731 854 780 eae
874 713 1029 792 medones,
1050 712 1210 794 inquibus
1224 730 1317 793 prae-

166 814 252 880 volat
274 813 360 879 notio
383 813 581 893 quantitatis,
608 831 684 895 ergo
706 813 847 879 rationes
869 811 948 890 loci,
975 810 1137 892 temporis,
1159 811 1318 891 maguitu-

164 912 258 992 dinis,
281 911 406 977 numeri
428 916 461 976 et
475 911 508 975 in
523 911 705 976 universum
728 907 983 989 comparationis,
1005 908 1046 974 ad
1062 907 1196 975 alteram
1210 913 1317 976 autem

165 1027 276 1074 omnes
300 1027 367 1088 eae,
390 1007 560 1089 inquibus
583 1008 823 1090 praeponderat
843 1005 931 1070 notio
953 1003 1125 1085 qualitatis.

253 1106 286 1172 Si
309 1106 367 1171 hoo
390 1106 560 1172 statuimus
581 1105 769 1186 primarium
791 1102 983 1186 principium
1009 1102 1172 1168 divisionis
1201 1109 1234 1168 et
1255 1104 1319 1170 siu·

166 1204 244 1286 gule
265 1221 383 1286 genera
405 1203 538 1284 genitivi
562 1205 648 1269 intra
672 1210 838 1284 utramque
860 1201 994 1266 classem
1008 1200 1193 1281 primariam
1208 1220 1319 1267 secuu-

167 1301 243 1366 dum
273 1301 458 1380 discrimen,
496 1302 580 1382 quod
619 1306 714 1365 antea
750 1299 990 1382 explicavimus
1028 1298 1113 1378 quod
1150 1299 1320 1365 intercedit

166 1401 252 1464 inter
282 1400 423 1464 rationes
455 1407 571 1465 natura
607 1399 700 1464 datas
727 1402 761 1462 et
789 1403 905 1462 natura
935 1394 1050 1476 lectas,
1089 1394 1319 1478 distribuimus,

169 1497 247 1562 haec
269 1497 417 1561 oriuntur
439 1497 570 1578 genitivi
593 1514 713 1578 genere
734 1494 848 1576 prioris
871 1491 993 1559 formae
1014 1493 1197 1576 principalis
1220 1495 1320 1561 totius

167 1613 276 1673 casae,
299 1595 369 1659 dico
392 1595 461 1660 eius
483 1594 624 1677 genitivi,
648 1611 710 1673 quo
733 1591 812 1658 fines
834 1593 1066 1674 exprimuntur,
1095 1591 1210 1671 quibus
1233 1593 1320 1658 notio

166 1690 347 1758 definienda
367 1692 555 1759 includenda
577 1697 634 1756 est.

253 1789 394 1854 Primum
417 1809 516 1872 genus
539 1789 671 1872 genitivi
697 1788 883 1868 quantitatis
907 1792 957 1853 est
979 1785 1138 1868 genitivus
1161 1790 1224 1850 eius
1245 1790 1323 1864 quod

167 1891 281 1951 cetero
303 1895 393 1951 totum
413 1895 464 1967 est,
484 1887 646 1970 quivulgo
665 1889 828 1962 paraticas
848 1884 974 1964 dicitur,
997 1901 1058 1966 quo
1073 1883 1106 1948 id
1120 1884 1321 1966 intelligitur,

166 1986 253 2065 quod
284 1986 478 2051 exactione
508 1985 557 2050 rei
583 1985 703 2050 divisae
731 1981 952 2064 proficiscitur.
997 1980 1047 2046 Ad
1076 1997 1170 2062 quem
1200 1983 1320 2048 multae

165 2083 289 2162 species
305 2085 477 2165 pertinent,
501 2101 579 2164 quas
603 2099 850 2149 commemorare
883 2099 945 2146 non
961 2097 1041 2160 opus
1060 2082 1110 2146 est
1124 2097 1321 2164 quarumque

165 2180 227 2246 hoc
250 2184 300 2244 est
322 2199 501 2260 commune,
539 2187 575 2246 ut
596 2181 715 2260 ubique
743 2178 862 2258 aliquid
884 2178 993 2242 nativa
1014 2177 1139 2264 ratione
1164 2179 1223 2244 toti
1247 2179 1322 2246 sub-

170 2279 305 2344 iiciatur.
352 2278 414 2344 Sed
440 2279 571 2345 dubium
598 2283 648 2346 est
674 2296 749 2343 num
777 2277 951 2342 locutiones
984 2275 1086 2354 qualis
1117 2279 1166 2340 est
1196 2281 1322 2350 munina

169 2379 256 2438 locas
293 2376 366 2456 (qui
393 2375 489 2458 vulgo
521 2377 639 2441 dicitur
662 2375 822 2456 genitivus
849 2373 1008 2448 materiae)
1046 2371 1108 2437 huc
1134 2373 1322 2440 referendae

172 2473 243 2538 sint.
288 2473 434 2539 Alterum
469 2492 570 2556 genus
600 2476 734 2554 apparet
767 2471 799 2535 iu
829 2489 866 2536 eo
896 2471 1050 2553 genitivo,
1086 2471 1140 2550 qui
1169 2489 1240 2538 cum
1270 2491 1323 2538 su-

171 2572 297 2651 periore
335 2576 406 2636 erte
451 2571 637 2637 coniunctus
674 2574 740 2648 est,
790 2568 929 2650 genitivo
968 2571 1069 2642 mnus,
1111 2572 1188 2646 qood
1230 2574 1323 2633 meost

168 2687 286 2747 sucos,
313 2674 350 2733 ut
370 2671 485 2731 modius
506 2671 607 2747 tritici,
635 2671 725 2730 occia
747 2669 818 2728 auri
841 2668 851 2740 l
858 2667 912 2746 qui
934 2685 953 2730 a
974 2665 1140 2748 Kruegero
1163 2685 1226 2732 nou
1249 2671 1323 2750 apte

172 2767 332 2848 genitivus
362 2770 538 2842 occaecatis
571 2765 763 2846 appellatur,
800 2764 947 2844 quoniam
979 2762 1040 2827 hoc
1068 2781 1183 2830 nomen
1209 2765 1323 2830 melius

172 2863 325 2944 exemplis
347 2864 441 2946 plane
464 2863 640 2945 contrariis,
663 2863 752 2929 velut
771 2881 879 2924 emona
901 2865 1003 2936 moqni
1018 2864 1160 2938 ponderis
1175 2864 1322 2928 couveni-

171 2960 247 3038 ret).
291 2961 353 3028 Hic
375 2963 566 3028 obversatur
588 2962 634 3042 ei,
671 2962 726 3041 qui
753 2960 909 3041 loquitur,
946 2959 1028 3025 ratio
1055 2977 1116 3027 usu
1136 2966 1267 3042 recepte
1290 2963 1323 3026 et

171 3057 309 3138 sancita,
348 3079 419 3125 cum
452 3078 603 3125 mensura
632 3059 759 3141 proprie
786 3077 848 3122 nou
874 3057 944 3138 ipsa
975 3057 1017 3121 sit
1044 3074 1119 3138 pars
1150 3057 1198 3124 rei
1227 3075 1322 3138 quarn

174 3156 275 3220 mensi
298 3175 422 3237 sumne,
444 3158 503 3224 sed
524 3157 631 3240 potius
654 3176 729 3237 pars
751 3155 888 3220 notionis
911 3154 1012 3236 magis
1035 3153 1193 3235 generalis
1216 3161 1250 3220 et
1271 3175 1324 3220 su·

174 3253 310 3334 perionis
334 3261 367 3320 et
388 3255 450 3321 iam
471 3257 574 3338 magis
598 3254 766 3320 arbitrario
789 3271 849 3316 usu
872 3271 941 3316 cum
964 3258 1046 3331 toto,
1077 3253 1162 3334 quod
1191 3253 1325 3319 metien-

172 3351 251 3417 dum
274 3356 333 3432 est,
357 3354 578 3434 coniungetur.
623 3351 790 3416 Transitus
813 3369 852 3415 ex
873 3350 927 3414 illo
950 3368 1065 3432 genere
1086 3350 1127 3416 ad
1148 3350 1209 3418 hoc
1230 3369 1324 3432 saepe

172 3450 221 3514 ita
244 3450 361 3516 sensim
384 3469 422 3516 ac
443 3451 597 3532 paulatim
620 3449 671 3528 fit,
695 3454 731 3514 ut
753 3466 816 3512 uon
838 3447 954 3512 iniuria
976 3466 1069 3512 usum
1091 3447 1193 3513 adhuc
1215 3449 1325 3530 vulge-

176 3553 244 3613 tum
267 3552 299 3614 et
320 3552 484 3626 receptum
512 3551 651 3615 retinere
674 3552 708 3611 et
729 3552 898 3626 utrumque
920 3564 1020 3626 genus
1042 3547 1168 3612 nomine
1195 3547 1327 3628 genitivi

174 3650 263 3708 mlius
286 3647 351 3711 sive
370 3648 506 3721 partirier·
527 3644 694 3726 complecti
715 3641 826 3723 possis

262 3743 300 3808 In
323 3742 425 3808 altere
446 3742 537 3822 serie,
561 3741 756 3824 qualitativa,
780 3742 875 3806 etiarn
891 3741 992 3808 maior
1006 3742 1169 3808 notionum
1188 3744 1326 3812 varietas

177 3846 321 3923 apparet.
366 3841 415 3906 Ad
438 3842 528 3922 prins
551 3860 670 3924 genus,
704 3838 862 3906 rationum
885 3857 966 3921 quae
988 3843 1104 3905 natura
1125 3839 1218 3906 datae
1241 3851 1323 3923 sunt,

177 3941 314 4020 primum
341 3958 379 4004 ea
409 3939 552 4020 exempla
580 3944 744 4022 spectant,
781 3941 813 4003 iu
843 3938 957 4018 quibos
984 3937 1105 4003 notioni
1138 3939 1326 4019 exprimenti

177 4035 308 4114 aliquid,
337 4037 421 4115 quod
444 4036 578 4102 alicuius
601 4040 765 4119 proprium
788 4042 846 4117 est,
869 4021 1051 4118 edluu'gitur
1072 4035 1232 4118 genitivus
1254 4057 1328 4118 per·

180 4148 276 4195 sonae
298 4133 348 4196 vel
370 4135 432 4214 rei,
459 4133 548 4199 cuius
572 4140 623 4199 est
644 4135 722 4200 illud
744 4135 923 4218 proprium,
960 4132 1010 4200 oui
1032 4133 1064 4196 in
1087 4133 1188 4198 altero
1209 4153 1327 4216 genere

176 4229 353 4309 respondet
374 4231 531 4310 genitivus
557 4237 743 4310 possessoris,
778 4233 811 4296 in
831 4233 920 4297 cuius
943 4249 1004 4296 usu
1026 4232 1167 4297 rationes
1188 4233 1259 4296 iure
1281 4233 1328 4296 le·

233 4329 316 4377 Hotlre,
332 4330 440 4380 synaxis.
453 4331 471 4370 l.
1076 4342 1114 4396 21
