3058 4766
458 270 547 311 OASUS
563 271 830 312 SUBSTANTIVORUH.
852 293 878 302 -
898 272 1002 312 ABLAT.
1259 283 1316 337 121

165 461 220 518 ego
245 448 329 503 tcutu
348 449 515 518 pauperum
537 465 592 520 per
614 447 712 506 dolum
729 449 869 520 pecuuc'c.
914 445 1020 510 Etiam
1043 445 1175 510 verbum
1198 449 1324 507 utrcum-

164 543 278 610 ducere,
300 541 320 604 i.
342 559 369 604 e.
386 541 546 616 fraudere,
568 540 680 605 fraude
703 541 851 624 spoliare,
875 543 1047 608 ablativum
1069 544 1117 606 rei
1138 542 1321 607 adiunctum

163 637 270 716 habet,
294 639 385 701 cuius
401 637 528 717 generis
544 639 689 718 exempla
704 641 814 705 attulit
828 641 1068 722 Kampmnnnus
1089 639 1129 702 de
1145 645 1196 701 AB
1212 657 1321 720 praep.

164 753 193 814 p.
219 740 248 813 2,
272 735 378 798 adnot.
404 741 433 799 5.
478 734 530 800 sic
552 733 648 800 Poen.
663 737 699 815 V,
726 743 753 816 5,
775 742 808 802 8:
832 743 966 801 Nanctus
990 746 1037 800 est
1059 741 1216 813 hominem,
1240 740 1325 797 me'uc

165 851 251 910 quern
274 837 390 909 argenti
412 837 642 894 circumduceret
664 833 772 916 (Vulg.
789 847 893 899 nactus
911 845 966 912 est,
989 836 1045 899 sed
1068 833 1148 914 dep
1171 842 1321 908 nunctust,

164 945 247 1009 quae
269 927 371 993 ferme
393 931 553 1009 antiquior
573 932 773 997 restituenda
796 939 846 998 est
873 951 933 998 sec.
958 932 1168 997 Ritschelium
1198 930 1320 1010 proleg.

164 1027 197 1090 in
221 1026 392 1091 Trinumm.
416 1045 445 1107 p.
473 1027 555 1107 102).
602 1027 692 1092 Adde
719 1028 834 1094 Pseud.
858 1031 883 1108 Ι,
908 1036 937 1109 5,
963 1035 1015 1094 16:
1047 1034 1088 1091 Te
1117 1033 1193 1090 velle
1223 1047 1319 1089 amnn-

163 1133 224 1186 tem
252 1133 377 1201 argento
408 1129 633 1188 circumducere.
679 1145 707 1188 v.
734 1133 808 1191 115:
844 1132 896 1189 Eu
919 1129 1136 1188 circumducunt
1158 1129 1256 1202 lepide
1280 1129 1324 1185 le-

166 1240 282 1284 nonem.
329 1220 370 1298 ΙΙ,
394 1227 422 1299 2,
448 1227 504 1287 39;
542 1227 634 1298 Quasi
656 1232 688 1284 tn
710 1227 792 1286 dicas
822 1245 868 1286 me
899 1233 929 1285 te
956 1228 1032 1285 velle
1059 1229 1180 1297 urpeuto
1202 1225 1325 1283 circum·

165 1321 280 1381 ducere.
326 1318 442 1382 Bacch.
470 1318 509 1398 V,
538 1323 566 1398 2,
591 1324 645 1384 64:
683 1323 893 1398 Quudrtpcutts
920 1324 1069 1396 Putuppts
1095 1323 1174 1383 filins
1209 1340 1255 1381 me
1294 1327 1326 1380 et

167 1418 330 1478 Ohrnsalns
346 1418 615 1479 circumduxerunt.
661 1417 840 1497 Cognatum
856 1425 906 1483 est
920 1422 1118 1480 tuteruertere.
1162 1416 1277 1480 Pseud.
1295 1433 1324 1479 v.

166 1516 243 1578 900:
268 1516 309 1575 Ut
324 1533 380 1588 me,
406 1517 431 1575 si
445 1522 557 1591 posset,
580 1518 926 1578 mutierer‘uterucrteret.
962 1515 1048 1579 Asin.
1064 1514 1106 1592 ΙΙ,
1128 1517 1156 1592 2,
1181 1519 1235 1579 921
1261 1517 1325 1588 Quo

166 1613 254 1672 modo
277 1618 399 1685 cruento
420 1614 615 1673 tutercortum
637 1621 668 1674 et
691 1616 883 1675 adventorem
907 1623 938 1675 et
961 1616 1111 1675 Sauream.
1157 1611 1244 1675 Asin.
1266 1609 1326 1690 ΙΙΙ,

174 1712 202 1784 1,
226 1711 263 1769 2:
287 1716 320 1768 nt
343 1712 393 1784 qni
416 1727 519 1784 erpere
542 1713 646 1772 matris
668 1713 802 1784 imperiis
826 1714 894 1774 sies.
939 1708 1052 1789 Amph.
1076 1708 1117 1786 ΙΙ,
1143 1713 1171 1786 2,
1196 1713 1250 1772 31:
1280 1712 1330 1769 Ec

169 1822 253 1864 more
275 1811 421 1879 expertem
447 1816 478 1867 te
502 1809 613 1869 tactam
645 1809 805 1869 adveniens
837 1811 945 1870 offendi
976 1811 1062 1870 domi.
1108 1805 1196 1870 Pers.
1218 1805 1273 1883 IV,
1298 1810 1327 1884 3,

168 1905 225 1966 40:
262 1921 298 1962 ee
320 1922 368 1964 ree
392 1923 439 1964 me
462 1906 546 1965 domo
568 1911 713 1979 eupertem
735 1905 816 1966 iacit.
863 1906 950 1969 Asin.
975 1905 1000 1983 Ι,
1028 1910 1053 1982 1,
1078 1909 1132 1968 31:
1165 1911 1199 1964 nt
1226 1921 1328 1977 erpere

169 2003 210 2061 sis
233 2006 319 2062 metu.
365 1999 462 2064 Merc.
486 2020 514 2064 v.
537 2005 613 2064 881:
638 2004 759 2063 Caelum
784 2011 815 2062 ut
837 2011 884 2064 est
904 2004 1055 2078 splendore
1072 2004 1202 2075 plenum.
1240 1998 1327 2063 Asin.

167 2094 229 2174 III,
253 2102 281 2173 3,
305 2101 340 2158 8:
375 2115 464 2171 opera
493 2109 526 2160 nt
547 2101 650 2174 turyus
678 2107 725 2160 est
746 2106 899 2161 uccuruc.
946 2099 1017 2163 Aul.
1040 2097 1083 2176 ΙΙ,
1113 2103 1140 2174 2,
1172 2103 1223 2160 lt:
1257 2099 1327 2157 dcte

169 2211 294 2268 cassam,
318 2193 348 2257 h.
374 2214 400 2258 e.
424 2201 594 2259 carentem.
639 2195 710 2259 Aul.
727 2195 765 2274 V,
786 2215 815 2262 v.
833 2201 867 2260 2:
891 2199 1109 2273 Quadrilibrem
1134 2198 1230 2256 aulam
1254 2211 1330 2255 uurc

168 2296 304 2350 cuustum
328 2294 432 2354 habeo.
478 2292 595 2356 Pseud.
619 2311 647 2356 v.
672 2298 749 2357 218:
779 2298 890 2356 emices
912 2327 955 2338 —
978 2296 1038 2354 oleo
1061 2298 1187 2355 onustes.
1232 2289 1327 2353 Most.

173 2387 200 2466 I,
225 2392 253 2466 3,
278 2394 330 2452 77:
355 2393 396 2452 Ut
418 2409 472 2465 ego
495 2393 666 2452 exheredem
687 2395 759 2452 mets
782 2394 864 2453 nouus
885 2411 930 2452 me
953 2392 1071 2452 faciam.
1116 2387 1208 2468 Epid.
1233 2387 1275 2466 II,
1300 2392 1329 2466 2,

178 2488 251 2547 116:
282 2491 365 2548 Auro
394 2491 561 2562 opulentus.
609 2487 687 2554 cist.
713 2488 737 2568 Ι,
767 2493 875 2567 1,72;
911 2507 993 2550 amor
1015 2487 1099 2546 mette
1129 2493 1159 2546 et
1186 2486 1255 2558 selle
1285 2493 1332 2545 est

173 2582 419 2654 secuudr'ssumus.
464 2585 611 2664 Aquilius
631 2585 766 2655 Boeotia
792 2584 830 2649 fr.
856 2589 884 2662 l,
912 2603 941 2649 v.
966 2589 1002 2648 8:
1033 2587 1138 2659 Itaque
1166 2586 1241 2644 adeo
1271 2585 1330 2643 iem

174 2681 320 2753 oppletum
342 2684 513 2757 oppidumst
535 2685 663 2744 solariis.
708 2681 835 2748 Terent.
852 2681 930 2745 Heu.
947 2681 1002 2757 IV,
1025 2683 1055 2757 4,
1079 2684 1134 2743 41:
1159 2683 1276 2741 Censen
1299 2687 1330 2739 ta

173 2795 262 2851 posse
285 2781 419 2853 reperire
443 2781 534 2840 ullam
557 2783 720 2856 mulierem,
747 2784 829 2855 Quae
853 2783 954 2840 cureat
975 2779 1084 2850 culpe?
1110 2775 1238 2839 Phorm.
1252 2774 1277 2852 Ι,
1302 2781 1331 2852 3,

177 2877 230 2936 ll:
252 2875 363 2935 Amore
386 2878 534 2956 chuudus,
563 2880 705 2954 Antipho.
750 2876 867 2940 Heaut.
891 2874 949 2954 ΙΠ,
973 2878 1002 2954 2,
1028 2877 1082 2937 16;
1117 2877 1202 2949 quusi
1224 2876 1249 2934 is
1271 2891 1331 2932 non

173 2969 257 3032 ditiis
277 2972 427 3036 Atuudet.
472 2972 588 3038 Heaut.
612 2973 668 3052 IV,
693 2980 720 3053 1,
746 2977 799 3037 15:
834 2991 906 3048 ergo
929 2992 997 3034 erus
1020 2975 1127 3031 damme
1149 2975 1252 3031 auctus
1281 2973 1332 3030 est.

174 3065 292 3132 Heaut.
316 3068 353 3147 V,
380 3075 406 3148 l,
432 3075 485 3133 72:
521 3081 554 3132 ιιι
577 3075 641 3132 eius
665 3075 807 3147 animum,
832 3075 881 3148 qui
904 3090 982 3132 nnnc
1007 3071 1130 3130 tuuurr'u
1157 3077 1186 3128 et
1210 3068 1333 3127 lusciuc'u

173 3166 308 3242 thflutt,
331 3170 496 3229 retundam.
542 3168 675 3248 Adelph.
692 3167 747 3246 IV,
772 3173 800 3239 5,
827 3171 878 3230 16:
902 3172 985 3229 Haec
1008 3171 1089 3243 virgo
1112 3165 1216 3225 orbast
1231 3168 1330 3237 putre.

172 3265 300 3330 Phorm.
322 3265 377 3346 IV,
401 3274 430 3346 4,
457 3271 488 3329 1:
512 3269 649 3328 Emuuut
673 3271 793 3341 crpeuto
816 3285 911 3328 senes.

259 3381 286 3428 e.
319 3366 456 3426 Abtdtu'm'
475 3365 577 3439 pretii.
622 3362 720 3426 Naev.
743 3361 781 3425 fr.
803 3367 821 3426 3
844 3360 1082 3426 Tuniculariae:
1114 3363 1189 3421 Eius
1213 3367 1330 3419 noctem

174 3479 271 3524 ucucc
292 3463 406 3524 ducere.
452 3459 532 3525 Cato
553 3477 603 3541 ap.
627 3459 736 3524 Senec.
770 3458 862 3538 epist.
886 3465 941 3535 94,
976 3457 1035 3521 sub
1063 3457 1145 3520 med.
1174 3456 1276 3530 (Lion.
1300 3471 1331 3533 p.

175 3563 216 3623 80
239 3559 337 3639 sqq.):
360 3563 451 3620 Emee
473 3577 532 3620 non
550 3561 628 3635 qnod
652 3577 725 3633 opus
749 3563 804 3630 eet,
829 3559 881 3617 sed
905 3558 983 3632 qnod
1013 3573 1135 3616 necesse
1159 3561 1219 3627 est3
1254 3553 1333 3629 qnod

173 3676 232 3718 non
256 3677 330 3733 opus
353 3665 416 3731 ast,
440 3673 504 3716 usse
526 3673 626 3717 cerum
650 3665 705 3715 est.
750 3651 853 3716 Plaut.
877 3652 988 3732 fragm.
1012 3669 1041 3732 p.
1065 3656 1138 3731 487,
1160 3671 1189 3715 v.
1215 3654 1246 3714 1:
1270 3651 1332 3710 illic

176 3756 296 3816 habebit
310 3759 398 3828 dcccc
420 3757 477 3814 inm
499 3756 589 3814 homo
610 3755 726 3813 lumbos
748 3769 839 3812 meos.
877 3749 965 3814 Pers.
982 3749 1036 3826 IV,
1052 3755 1082 3825 4,
1104 3754 1157 3813 3οε
1182 3749 1331 3824 Siquidem

174 3853 252 3912 hunc
274 3853 436 3914 vendidero
453 3852 552 3924 prem
574 3867 634 3912 suc.
681 3848 767 3911 Asin.
791 3844 816 3924 I,
841 3852 870 3926 3,
893 3851 951 3912 95:
984 3851 1059 3909 Nam
1087 3851 1112 3908 si
1135 3854 1251 3906 mutuas
1274 3862 1332 3904 non

174 3955 290 4022 potero,
316 3959 460 4010 certumst
480 3965 590 4009 sumam
614 3948 745 4020 fdeucre.
754 3946 792 4019 ⁸⁰)
837 3941 932 4008 Most.
956 3944 981 4023 I,
1006 3949 1034 4023 3,
1063 3948 1136 4007 139:
1166 3945 1332 4003 intuerer

172 4092 377 4105 -ᾐ

248 4171 283 4236 ⁸⁰)
313 4172 357 4226 Sic
376 4171 547 4229 scribendum
565 4169 699 4241 praecipit
720 4167 888 4224 Ritschelius
907 4169 1055 4240 prolegom.
1080 4167 1115 4222 ad
1134 4165 1280 4220 Trinumm.
1306 4185 1333 4235 p.

175 4253 218 4322 97,
237 4267 291 4307 nnn
307 4255 429 4321 fceucre.
