<?xml version="1.0" encoding="UTF-8"?>
<!DOCTYPE html PUBLIC "-//W3C//DTD XHTML 1.0 Transitional//EN"
    "http://www.w3.org/TR/xhtml1/DTD/xhtml1-transitional.dtd">
<html xmlns="http://www.w3.org/1999/xhtml" xml:lang="en" lang="en">
 <head>
  <title>
</title>
<meta http-equiv="Content-Type" content="text/html;charset=utf-8" />
  <meta name='ocr-system' content='tesseract 3.04.00' />
  <meta name='ocr-capabilities' content='ocr_page ocr_carea ocr_par ocr_line ocrx_word'/>
</head>
<body>
  <div class='ocr_page' id='page_1' title='image "./syntaxispriscor01holtgoog_0038.png"; bbox 0 0 3040 4758; ppageno 0'>
   <div class='ocr_carea' id='block_1_1' title="bbox 448 277 1310 344">
    <p class='ocr_par' dir='ltr' id='par_1_1' title="bbox 448 277 1310 344">
     <span class='ocr_line' id='line_1_1' title="bbox 448 277 1310 344; baseline -0.002 -26"><span class='ocrx_word' id='word_1_1' title='bbox 448 279 535 318; x_wconf 75' lang='lat' dir='ltr'>CASUS</span> <span class='ocrx_word' id='word_1_2' title='bbox 551 278 817 319; x_wconf 69' lang='lat' dir='ltr'>SUBSTANTIVORUH.</span> <span class='ocrx_word' id='word_1_3' title='bbox 831 297 857 308; x_wconf 92' lang='grc'><strong>-</strong></span> <span class='ocrx_word' id='word_1_4' title='bbox 871 277 1009 318; x_wconf 66' lang='lat' dir='ltr'>sortimur.</span> <span class='ocrx_word' id='word_1_5' title='bbox 1271 283 1310 344; x_wconf 70' lang='lat'>21</span> 
     </span>
    </p>
   </div>
   <div class='ocr_carea' id='block_1_2' title="bbox 152 423 1323 2865">
    <p class='ocr_par' dir='ltr' id='par_1_2' title="bbox 152 423 1320 1891">
     <span class='ocr_line' id='line_1_2' title="bbox 153 423 1316 531; baseline -0.004 -14"><span class='ocrx_word' id='word_1_6' title='bbox 153 452 210 517; x_wconf 81' lang='lat' dir='ltr'>red</span> <span class='ocrx_word' id='word_1_7' title='bbox 226 451 272 516; x_wconf 86' lang='lat' dir='ltr'>ita</span> <span class='ocrx_word' id='word_1_8' title='bbox 284 454 322 516; x_wconf 91' lang='lat' dir='ltr'>ut</span> <span class='ocrx_word' id='word_1_9' title='bbox 336 449 418 514; x_wconf 90' lang='lat' dir='ltr'>hanc</span> <span class='ocrx_word' id='word_1_10' title='bbox 433 451 536 531; x_wconf 83' lang='lat' dir='ltr'><strong>ipsam</strong></span> <span class='ocrx_word' id='word_1_11' title='bbox 551 469 620 516; x_wconf 89' lang='lat' dir='ltr'>rem</span> <span class='ocrx_word' id='word_1_12' title='bbox 635 453 686 517; x_wconf 90' lang='lat' dir='ltr'>vel</span> <span class='ocrx_word' id='word_1_13' title='bbox 701 451 859 516; x_wconf 90' lang='lat' dir='ltr'>hominem</span> <span class='ocrx_word' id='word_1_14' title='bbox 866 423 1075 531; x_wconf 63' lang='lat' dir='ltr'>alloquamur</span> <span class='ocrx_word' id='word_1_15' title='bbox 1091 452 1203 528; x_wconf 87' lang='lat' dir='ltr'>(qnare</span> <span class='ocrx_word' id='word_1_16' title='bbox 1219 447 1316 512; x_wconf 86' lang='lat' dir='ltr'>etiam</span> 
     </span>
     <span class='ocr_line' id='line_1_3' title="bbox 153 543 1315 629; baseline -0.005 -17"><span class='ocrx_word' id='word_1_17' title='bbox 153 565 248 613; x_wconf 85' lang='lat' dir='ltr'>casus</span> <span class='ocrx_word' id='word_1_18' title='bbox 273 548 432 614; x_wconf 86' lang='lat' dir='ltr'>secundae</span> <span class='ocrx_word' id='word_1_19' title='bbox 455 566 612 629; x_wconf 81' lang='lat' dir='ltr'>personae</span> <span class='ocrx_word' id='word_1_20' title='bbox 635 549 740 614; x_wconf 87' lang='lat' dir='ltr'>dictus</span> <span class='ocrx_word' id='word_1_21' title='bbox 762 554 842 627; x_wconf 80' lang='lat' dir='ltr'>est),</span> <span class='ocrx_word' id='word_1_22' title='bbox 864 553 1000 629; x_wconf 87' lang='lat' dir='ltr'>apparet</span> <span class='ocrx_word' id='word_1_23' title='bbox 1021 565 1061 612; x_wconf 81' lang='lat' dir='ltr'>ex</span> <span class='ocrx_word' id='word_1_24' title='bbox 1082 545 1158 624; x_wconf 92' lang='lat' dir='ltr'>hoc,</span> <span class='ocrx_word' id='word_1_25' title='bbox 1180 543 1315 610; x_wconf 84' lang='lat' dir='ltr'>maxime</span> 
     </span>
     <span class='ocr_line' id='line_1_4' title="bbox 153 639 1317 726; baseline -0.004 -17"><span class='ocrx_word' id='word_1_26' title='bbox 153 644 223 709; x_wconf 89' lang='lat' dir='ltr'>eins</span> <span class='ocrx_word' id='word_1_27' title='bbox 247 645 384 708; x_wconf 87' lang='lat' dir='ltr'>similem</span> <span class='ocrx_word' id='word_1_28' title='bbox 406 663 477 709; x_wconf 89' lang='lat' dir='ltr'>esse</span> <span class='ocrx_word' id='word_1_29' title='bbox 506 647 747 726; x_wconf 85' lang='lat' dir='ltr'>nominativum,</span> <span class='ocrx_word' id='word_1_30' title='bbox 782 646 838 711; x_wconf 89' lang='lat' dir='ltr'>ubi</span> <span class='ocrx_word' id='word_1_31' title='bbox 867 645 918 711; x_wconf 90' lang='lat' dir='ltr'>hic</span> <span class='ocrx_word' id='word_1_32' title='bbox 946 663 1009 710; x_wconf 90' lang='lat' dir='ltr'>non</span> <span class='ocrx_word' id='word_1_33' title='bbox 1040 648 1091 708; x_wconf 90' lang='lat' dir='ltr'>est</span> <span class='ocrx_word' id='word_1_34' title='bbox 1119 659 1212 708; x_wconf 89' lang='lat' dir='ltr'>casus</span> <span class='ocrx_word' id='word_1_35' title='bbox 1241 639 1317 706; x_wconf 89' lang='lat' dir='ltr'>sub·</span> 
     </span>
     <span class='ocr_line' id='line_1_5' title="bbox 153 735 1317 824; baseline -0.002 -20"><span class='ocrx_word' id='word_1_36' title='bbox 153 741 240 820; x_wconf 89' lang='lat' dir='ltr'>iecti,</span> <span class='ocrx_word' id='word_1_37' title='bbox 266 742 323 807; x_wconf 91' lang='lat' dir='ltr'>sed</span> <span class='ocrx_word' id='word_1_38' title='bbox 346 742 528 807; x_wconf 88' lang='lat' dir='ltr'>nominandi</span> <span class='ocrx_word' id='word_1_39' title='bbox 550 748 689 823; x_wconf 90' lang='lat' dir='ltr'>tantum,</span> <span class='ocrx_word' id='word_1_40' title='bbox 725 744 809 821; x_wconf 89' lang='lat' dir='ltr'>sive,</span> <span class='ocrx_word' id='word_1_41' title='bbox 843 743 929 824; x_wconf 89' lang='lat' dir='ltr'>qnod</span> <span class='ocrx_word' id='word_1_42' title='bbox 951 759 1015 806; x_wconf 87' lang='lat' dir='ltr'>non</span> <span class='ocrx_word' id='word_1_43' title='bbox 1036 741 1172 805; x_wconf 90' lang='lat' dir='ltr'>multum</span> <span class='ocrx_word' id='word_1_44' title='bbox 1200 735 1317 816; x_wconf 86' lang='lat' dir='ltr'>differt,</span> 
     </span>
     <span class='ocr_line' id='line_1_6' title="bbox 152 838 1316 934; baseline -0.006 -32"><span class='ocrx_word' id='word_1_45' title='bbox 152 842 288 902; x_wconf 80' lang='lat' dir='ltr'>vocandi.</span> <span class='ocrx_word' id='word_1_46' title='bbox 334 839 385 934; x_wconf 58' lang='lat' dir='ltr'>Sic</span> <span class='ocrx_word' id='word_1_47' title='bbox 408 839 484 904; x_wconf 90' lang='lat' dir='ltr'>locis</span> <span class='ocrx_word' id='word_1_48' title='bbox 505 840 662 906; x_wconf 81' lang='lat' dir='ltr'>Plautinis</span> <span class='ocrx_word' id='word_1_49' title='bbox 684 840 747 905; x_wconf 84' lang='lat' dir='ltr'>his:</span> <span class='ocrx_word' id='word_1_50' title='bbox 786 840 882 908; x_wconf 81' lang='lat' dir='ltr'>Stich.</span> <span class='ocrx_word' id='word_1_51' title='bbox 913 857 942 904; x_wconf 80' lang='lat' dir='ltr'>V.</span> <span class='ocrx_word' id='word_1_52' title='bbox 972 842 1049 904; x_wconf 81' lang='lat'>764:</span> <span class='ocrx_word' id='word_1_53' title='bbox 1086 841 1172 898; x_wconf 86' lang='lat' dir='ltr'>Meus</span> <span class='ocrx_word' id='word_1_54' title='bbox 1203 838 1316 898; x_wconf 88' lang='lat' dir='ltr'>oculus.</span> 
     </span>
     <span class='ocr_line' id='line_1_7' title="bbox 153 935 1317 1017; baseline -0.009 -15"><span class='ocrx_word' id='word_1_55' title='bbox 153 935 241 1002; x_wconf 89' lang='lat' dir='ltr'>Pers.</span> <span class='ocrx_word' id='word_1_56' title='bbox 266 937 304 1017; x_wconf 90' lang='lat' dir='ltr'>V,</span> <span class='ocrx_word' id='word_1_57' title='bbox 331 943 358 1017; x_wconf 93' lang='lat'>1,</span> <span class='ocrx_word' id='word_1_58' title='bbox 384 942 436 1002; x_wconf 90' lang='lat'>13:</span> <span class='ocrx_word' id='word_1_59' title='bbox 470 944 573 1002; x_wconf 87' lang='lat' dir='ltr'>oculus</span> <span class='ocrx_word' id='word_1_60' title='bbox 596 958 689 1001; x_wconf 86' lang='lat' dir='ltr'>mens.</span> <span class='ocrx_word' id='word_1_61' title='bbox 734 938 830 1002; x_wconf 88' lang='lat' dir='ltr'>Poen.</span> <span class='ocrx_word' id='word_1_62' title='bbox 854 937 880 1017; x_wconf 92' lang='lat' dir='ltr'>I,</span> <span class='ocrx_word' id='word_1_63' title='bbox 904 941 933 1015; x_wconf 85' lang='lat'>2,</span> <span class='ocrx_word' id='word_1_64' title='bbox 961 941 1019 1000; x_wconf 79' lang='lat'>153</span> <span class='ocrx_word' id='word_1_65' title='bbox 1042 951 1103 1013; x_wconf 88' lang='lat' dir='ltr'>sq.:</span> <span class='ocrx_word' id='word_1_66' title='bbox 1131 952 1213 996; x_wconf 87' lang='lat' dir='ltr'>mens</span> <span class='ocrx_word' id='word_1_67' title='bbox 1237 936 1317 994; x_wconf 92' lang='lat' dir='ltr'>ocel-</span> 
     </span>
     <span class='ocr_line' id='line_1_8' title="bbox 155 1031 1318 1110; baseline -0.005 -14"><span class='ocrx_word' id='word_1_68' title='bbox 155 1037 215 1110; x_wconf 86' lang='lat' dir='ltr'>lus,</span> <span class='ocrx_word' id='word_1_69' title='bbox 245 1073 284 1084; x_wconf 91' lang='lat'>-</span> <span class='ocrx_word' id='word_1_70' title='bbox 313 1055 396 1099; x_wconf 91' lang='lat' dir='ltr'>mens</span> <span class='ocrx_word' id='word_1_71' title='bbox 425 1040 593 1098; x_wconf 88' lang='lat' dir='ltr'>molliculus</span> <span class='ocrx_word' id='word_1_72' title='bbox 621 1054 736 1099; x_wconf 79' lang='lat' dir='ltr'>casem.</span> <span class='ocrx_word' id='word_1_73' title='bbox 781 1051 808 1098; x_wconf 92' lang='lat' dir='ltr'>v.</span> <span class='ocrx_word' id='word_1_74' title='bbox 835 1038 903 1098; x_wconf 81' lang='grc'><strong>178.</strong></span> <span class='ocrx_word' id='word_1_75' title='bbox 941 1049 969 1097; x_wconf 92' lang='lat' dir='ltr'>v.</span> <span class='ocrx_word' id='word_1_76' title='bbox 996 1035 1070 1096; x_wconf 80' lang='lat' dir='ltr'>isa:</span> <span class='ocrx_word' id='word_1_77' title='bbox 1093 1032 1194 1092; x_wconf 85' lang='lat' dir='ltr'>ocutus</span> <span class='ocrx_word' id='word_1_78' title='bbox 1222 1031 1318 1090; x_wconf 87' lang='lat' dir='ltr'>huius.</span> 
     </span>
     <span class='ocr_line' id='line_1_9' title="bbox 154 1130 1318 1213; baseline -0.006 -18"><span class='ocrx_word' id='word_1_79' title='bbox 154 1132 280 1198; x_wconf 85' lang='lat' dir='ltr'>Asinar.</span> <span class='ocrx_word' id='word_1_80' title='bbox 304 1133 369 1206; x_wconf 89' lang='lat' dir='ltr'>III,</span> <span class='ocrx_word' id='word_1_81' title='bbox 392 1139 429 1213; x_wconf 98' lang='lat'>3,</span> <span class='ocrx_word' id='word_1_82' title='bbox 453 1137 506 1196; x_wconf 83' lang='lat'>65:</span> <span class='ocrx_word' id='word_1_83' title='bbox 541 1137 721 1196; x_wconf 70' lang='lat' dir='ltr'>thensaurus</span> <span class='ocrx_word' id='word_1_84' title='bbox 743 1136 904 1210; x_wconf 84' lang='lat' dir='ltr'>copiarum.</span> <span class='ocrx_word' id='word_1_85' title='bbox 949 1148 978 1194; x_wconf 95' lang='lat' dir='ltr'>v.</span> <span class='ocrx_word' id='word_1_86' title='bbox 1004 1133 1061 1192; x_wconf 82' lang='lat'>74:</span> <span class='ocrx_word' id='word_1_87' title='bbox 1098 1145 1182 1188; x_wconf 87' lang='lat' dir='ltr'>mens</span> <span class='ocrx_word' id='word_1_88' title='bbox 1204 1130 1318 1188; x_wconf 86' lang='lat' dir='ltr'>ocellus</span> 
     </span>
     <span class='ocr_line' id='line_1_10' title="bbox 155 1221 1318 1304; baseline -0.007 -13"><span class='ocrx_word' id='word_1_89' title='bbox 155 1261 198 1274; x_wconf 87' lang='lat'><em>-</em></span> <span class='ocrx_word' id='word_1_90' title='bbox 217 1235 257 1291; x_wconf 91' lang='lat' dir='ltr'>mi</span> <span class='ocrx_word' id='word_1_91' title='bbox 280 1235 387 1292; x_wconf 90' lang='lat' dir='ltr'>anime.</span> <span class='ocrx_word' id='word_1_92' title='bbox 418 1249 445 1294; x_wconf 90' lang='lat' dir='ltr'>v.</span> <span class='ocrx_word' id='word_1_93' title='bbox 472 1235 546 1294; x_wconf 81' lang='lat'>101:</span> <span class='ocrx_word' id='word_1_94' title='bbox 570 1235 613 1292; x_wconf 90' lang='lat' dir='ltr'>Mi</span> <span class='ocrx_word' id='word_1_95' title='bbox 634 1235 759 1304; x_wconf 85' lang='lat' dir='ltr'>Libane,</span> <span class='ocrx_word' id='word_1_96' title='bbox 783 1234 897 1293; x_wconf 84' lang='lat' dir='ltr'>ocellus</span> <span class='ocrx_word' id='word_1_97' title='bbox 921 1247 1028 1290; x_wconf 87' lang='lat' dir='ltr'>aureus</span> <span class='ocrx_word' id='word_1_98' title='bbox 1053 1222 1105 1303; x_wconf 90' lang='lat' dir='ltr'>(cf.</span> <span class='ocrx_word' id='word_1_99' title='bbox 1130 1221 1318 1299; x_wconf 76' lang='lat' dir='ltr'>Reatini,</span> 
     </span>
     <span class='ocr_line' id='line_1_11' title="bbox 155 1319 1318 1409; baseline -0.008 -18"><span class='ocrx_word' id='word_1_100' title='bbox 155 1344 185 1407; x_wconf 87' lang='lat' dir='ltr'>p.</span> <span class='ocrx_word' id='word_1_101' title='bbox 204 1332 253 1405; x_wconf 80' lang='lat'>55,</span> <span class='ocrx_word' id='word_1_102' title='bbox 277 1328 382 1392; x_wconf 84' lang='lat' dir='ltr'>adnot.</span> <span class='ocrx_word' id='word_1_103' title='bbox 401 1331 465 1399; x_wconf 87' lang='lat'><strong>61).</strong></span> <span class='ocrx_word' id='word_1_104' title='bbox 511 1327 582 1392; x_wconf 83' lang='lat' dir='ltr'>Ges.</span> <span class='ocrx_word' id='word_1_105' title='bbox 601 1328 627 1409; x_wconf 94' lang='lat' dir='ltr'>l,</span> <span class='ocrx_word' id='word_1_106' title='bbox 650 1332 690 1392; x_wconf 87' lang='grc'>46</span> <span class='ocrx_word' id='word_1_107' title='bbox 714 1344 796 1407; x_wconf 88' lang='lat' dir='ltr'>sqq.:</span> <span class='ocrx_word' id='word_1_108' title='bbox 819 1330 864 1389; x_wconf 85' lang='lat' dir='ltr'>Mi</span> <span class='ocrx_word' id='word_1_109' title='bbox 886 1329 1026 1399; x_wconf 80' lang='lat' dir='ltr'>animula,</span> <span class='ocrx_word' id='word_1_110' title='bbox 1051 1355 1090 1366; x_wconf 90' lang='lat'>—</span> <span class='ocrx_word' id='word_1_111' title='bbox 1115 1339 1198 1384; x_wconf 85' lang='lat' dir='ltr'>mous</span> <span class='ocrx_word' id='word_1_112' title='bbox 1220 1319 1318 1382; x_wconf 85' lang='lat' dir='ltr'>tostus</span> 
     </span>
     <span class='ocr_line' id='line_1_12' title="bbox 156 1414 1318 1503; baseline -0.007 -17"><span class='ocrx_word' id='word_1_113' title='bbox 156 1427 229 1500; x_wconf 89' lang='lat' dir='ltr'>dies,</span> <span class='ocrx_word' id='word_1_114' title='bbox 254 1429 340 1488; x_wconf 88' lang='lat' dir='ltr'>Meus</span> <span class='ocrx_word' id='word_1_115' title='bbox 362 1431 463 1503; x_wconf 88' lang='lat' dir='ltr'>pullus</span> <span class='ocrx_word' id='word_1_116' title='bbox 486 1445 600 1502; x_wconf 89' lang='lat' dir='ltr'>passer,</span> <span class='ocrx_word' id='word_1_117' title='bbox 624 1460 665 1472; x_wconf 90' lang='lat'><em>-</em></span> <span class='ocrx_word' id='word_1_118' title='bbox 688 1429 729 1487; x_wconf 93' lang='lat' dir='ltr'>mi</span> <span class='ocrx_word' id='word_1_119' title='bbox 750 1431 845 1502; x_wconf 88' lang='lat' dir='ltr'>lepos.</span> <span class='ocrx_word' id='word_1_120' title='bbox 885 1421 1014 1500; x_wconf 80' lang='lat' dir='ltr'>(Reisig.</span> <span class='ocrx_word' id='word_1_121' title='bbox 1031 1437 1062 1500; x_wconf 87' lang='lat' dir='ltr'>p.</span> <span class='ocrx_word' id='word_1_122' title='bbox 1081 1419 1164 1494; x_wconf 85' lang='grc'><strong>199).</strong></span> <span class='ocrx_word' id='word_1_123' title='bbox 1203 1416 1252 1480; x_wconf 83' lang='lat' dir='ltr'>Ex</span> <span class='ocrx_word' id='word_1_124' title='bbox 1267 1414 1318 1478; x_wconf 88' lang='lat' dir='ltr'>his</span> 
     </span>
     <span class='ocr_line' id='line_1_13' title="bbox 157 1513 1320 1603; baseline -0.01 -16"><span class='ocrx_word' id='word_1_125' title='bbox 157 1523 311 1603; x_wconf 85' lang='lat' dir='ltr'>exemplis</span> <span class='ocrx_word' id='word_1_126' title='bbox 333 1523 478 1587; x_wconf 86' lang='lat' dir='ltr'>videmus</span> <span class='ocrx_word' id='word_1_127' title='bbox 503 1523 614 1601; x_wconf 86' lang='lat' dir='ltr'>etiam,</span> <span class='ocrx_word' id='word_1_128' title='bbox 643 1522 803 1586; x_wconf 85' lang='lat' dir='ltr'>interdum</span> <span class='ocrx_word' id='word_1_129' title='bbox 827 1521 988 1585; x_wconf 85' lang='lat' dir='ltr'>vocatives</span> <span class='ocrx_word' id='word_1_130' title='bbox 1010 1534 1083 1582; x_wconf 90' lang='lat' dir='ltr'>cum</span> <span class='ocrx_word' id='word_1_131' title='bbox 1113 1513 1320 1580; x_wconf 81' lang='lat' dir='ltr'>nominativis</span> 
     </span>
     <span class='ocr_line' id='line_1_14' title="bbox 156 1612 1320 1699; baseline -0.004 -17"><span class='ocrx_word' id='word_1_132' title='bbox 156 1619 272 1682; x_wconf 83' lang='lat' dir='ltr'>mixtos</span> <span class='ocrx_word' id='word_1_133' title='bbox 295 1618 440 1699; x_wconf 88' lang='lat' dir='ltr'>proferri.</span> <span class='ocrx_word' id='word_1_134' title='bbox 486 1619 578 1684; x_wconf 84' lang='lat' dir='ltr'>Trnc.</span> <span class='ocrx_word' id='word_1_135' title='bbox 602 1619 640 1698; x_wconf 92' lang='lat' dir='ltr'>V,</span> <span class='ocrx_word' id='word_1_136' title='bbox 670 1639 698 1682; x_wconf 92' lang='lat' dir='ltr'>v.</span> <span class='ocrx_word' id='word_1_137' title='bbox 723 1624 776 1683; x_wconf 84' lang='lat'>20:</span> <span class='ocrx_word' id='word_1_138' title='bbox 811 1621 900 1681; x_wconf 86' lang='lat' dir='ltr'>Mitte</span> <span class='ocrx_word' id='word_1_139' title='bbox 929 1636 990 1693; x_wconf 88' lang='lat' dir='ltr'>me,</span> <span class='ocrx_word' id='word_1_140' title='bbox 1024 1619 1160 1691; x_wconf 88' lang='lat' dir='ltr'>inquam,</span> <span class='ocrx_word' id='word_1_141' title='bbox 1195 1612 1320 1678; x_wconf 73' lang='lat' dir='ltr'>odiosus,</span> 
     </span>
     <span class='ocr_line' id='line_1_15' title="bbox 156 1709 1319 1782; baseline -0.009 -4"><span class='ocrx_word' id='word_1_142' title='bbox 156 1716 212 1780; x_wconf 92' lang='lat' dir='ltr'>nbi</span> <span class='ocrx_word' id='word_1_143' title='bbox 235 1725 343 1779; x_wconf 87' lang='lat' dir='ltr'>tamen</span> <span class='ocrx_word' id='word_1_144' title='bbox 364 1715 501 1782; x_wconf 83' lang='lat' dir='ltr'>fortasse</span> <span class='ocrx_word' id='word_1_145' title='bbox 525 1715 727 1780; x_wconf 85' lang='lat' dir='ltr'>scribendum</span> <span class='ocrx_word' id='word_1_146' title='bbox 755 1719 805 1779; x_wconf 90' lang='lat' dir='ltr'>est</span> <span class='ocrx_word' id='word_1_147' title='bbox 833 1716 971 1778; x_wconf 87' lang='lat' dir='ltr'>odiosn&#39;s.</span> <span class='ocrx_word' id='word_1_148' title='bbox 1015 1731 1046 1776; x_wconf 94' lang='lat' dir='ltr'>v.</span> <span class='ocrx_word' id='word_1_149' title='bbox 1071 1715 1126 1776; x_wconf 85' lang='lat'>53:</span> <span class='ocrx_word' id='word_1_150' title='bbox 1160 1712 1222 1770; x_wconf 87' lang='lat' dir='ltr'>lam</span> <span class='ocrx_word' id='word_1_151' title='bbox 1250 1709 1319 1768; x_wconf 91' lang='lat' dir='ltr'>her·</span> 
     </span>
     <span class='ocr_line' id='line_1_16' title="bbox 157 1819 690 1891; baseline -0.002 -16"><span class='ocrx_word' id='word_1_152' title='bbox 157 1819 203 1876; x_wconf 89' lang='lat' dir='ltr'>cle</span> <span class='ocrx_word' id='word_1_153' title='bbox 226 1849 270 1856; x_wconf 98' lang='lat'><strong>—</strong></span> <span class='ocrx_word' id='word_1_154' title='bbox 292 1824 325 1875; x_wconf 88' lang='lat' dir='ltr'>tn</span> <span class='ocrx_word' id='word_1_155' title='bbox 346 1819 455 1891; x_wconf 86' lang='lat' dir='ltr'>vapula</span> <span class='ocrx_word' id='word_1_156' title='bbox 477 1819 522 1877; x_wconf 90' lang='lat' dir='ltr'>vir</span> <span class='ocrx_word' id='word_1_157' title='bbox 544 1819 690 1877; x_wconf 76' lang='grc'><strong>1111111111.</strong></span> 
     </span>
    </p>

    <p class='ocr_par' dir='ltr' id='par_1_3' title="bbox 155 1901 1323 2865">
     <span class='ocr_line' id='line_1_17' title="bbox 246 1901 1320 1981; baseline -0.011 -5"><span class='ocrx_word' id='word_1_158' title='bbox 246 1916 274 1976; x_wconf 90' lang='lat'>3.</span> <span class='ocrx_word' id='word_1_159' title='bbox 311 1911 533 1975; x_wconf 88' lang='lat' dir='ltr'>Nominativus</span> <span class='ocrx_word' id='word_1_160' title='bbox 562 1911 590 1975; x_wconf 89' lang='lat' dir='ltr'>si</span> <span class='ocrx_word' id='word_1_161' title='bbox 617 1914 668 1975; x_wconf 88' lang='lat' dir='ltr'>est</span> <span class='ocrx_word' id='word_1_162' title='bbox 689 1927 782 1975; x_wconf 87' lang='lat' dir='ltr'>casus</span> <span class='ocrx_word' id='word_1_163' title='bbox 811 1907 947 1974; x_wconf 86' lang='lat' dir='ltr'>subiecti</span> <span class='ocrx_word' id='word_1_164' title='bbox 976 1902 1220 1981; x_wconf 71' lang='lat' dir='ltr'>enunciationem,</span> <span class='ocrx_word' id='word_1_165' title='bbox 1254 1901 1320 1980; x_wconf 87' lang='lat' dir='ltr'>pri·</span> 
     </span>
     <span class='ocr_line' id='line_1_18' title="bbox 157 2001 1321 2090; baseline -0.01 -18"><span class='ocrx_word' id='word_1_166' title='bbox 157 2025 256 2086; x_wconf 90' lang='lat' dir='ltr'>mum,</span> <span class='ocrx_word' id='word_1_167' title='bbox 281 2009 368 2088; x_wconf 89' lang='lat' dir='ltr'>quod</span> <span class='ocrx_word' id='word_1_168' title='bbox 389 2009 422 2072; x_wconf 93' lang='lat' dir='ltr'>in</span> <span class='ocrx_word' id='word_1_169' title='bbox 445 2008 572 2090; x_wconf 83' lang='lat' dir='ltr'>syntaxi</span> <span class='ocrx_word' id='word_1_170' title='bbox 594 2007 765 2088; x_wconf 86' lang='lat' dir='ltr'>separatim</span> <span class='ocrx_word' id='word_1_171' title='bbox 787 2013 838 2072; x_wconf 89' lang='lat' dir='ltr'>est</span> <span class='ocrx_word' id='word_1_172' title='bbox 861 2001 1169 2071; x_wconf 90' lang='lat' dir='ltr'>commemorandum</span> <span class='ocrx_word' id='word_1_173' title='bbox 1193 2004 1226 2062; x_wconf 89' lang='lat' dir='ltr'>et</span> <span class='ocrx_word' id='word_1_174' title='bbox 1247 2014 1321 2077; x_wconf 90' lang='lat' dir='ltr'>spe-</span> 
     </span>
     <span class='ocr_line' id='line_1_19' title="bbox 157 2097 1317 2186; baseline -0.009 -16"><span class='ocrx_word' id='word_1_175' title='bbox 157 2105 318 2185; x_wconf 89' lang='lat' dir='ltr'>ctandum,</span> <span class='ocrx_word' id='word_1_176' title='bbox 341 2104 400 2169; x_wconf 89' lang='lat' dir='ltr'>hoc</span> <span class='ocrx_word' id='word_1_177' title='bbox 422 2109 480 2186; x_wconf 89' lang='lat' dir='ltr'>est,</span> <span class='ocrx_word' id='word_1_178' title='bbox 503 2106 531 2170; x_wconf 90' lang='lat' dir='ltr'>si</span> <span class='ocrx_word' id='word_1_179' title='bbox 551 2106 658 2182; x_wconf 91' lang='lat' dir='ltr'>verba,</span> <span class='ocrx_word' id='word_1_180' title='bbox 682 2123 764 2185; x_wconf 90' lang='lat' dir='ltr'>qnae</span> <span class='ocrx_word' id='word_1_181' title='bbox 780 2103 967 2184; x_wconf 90' lang='lat' dir='ltr'>plerumque</span> <span class='ocrx_word' id='word_1_182' title='bbox 989 2097 1217 2182; x_wconf 87' lang='lat' dir='ltr'>impersonalia</span> <span class='ocrx_word' id='word_1_183' title='bbox 1232 2098 1317 2174; x_wconf 87' lang='lat' dir='ltr'>sunt,</span> 
     </span>
     <span class='ocr_line' id='line_1_20' title="bbox 156 2193 1318 2284; baseline -0.009 -18"><span class='ocrx_word' id='word_1_184' title='bbox 156 2203 377 2284; x_wconf 87' lang='lat' dir='ltr'>personaliter,</span> <span class='ocrx_word' id='word_1_185' title='bbox 401 2208 438 2268; x_wconf 88' lang='lat' dir='ltr'>ut</span> <span class='ocrx_word' id='word_1_186' title='bbox 459 2205 505 2267; x_wconf 85' lang='lat' dir='ltr'>ita</span> <span class='ocrx_word' id='word_1_187' title='bbox 527 2202 644 2281; x_wconf 87' lang='lat' dir='ltr'>dicam,</span> <span class='ocrx_word' id='word_1_188' title='bbox 669 2205 880 2282; x_wconf 87' lang='lat' dir='ltr'>usurpantur,</span> <span class='ocrx_word' id='word_1_189' title='bbox 910 2199 1036 2264; x_wconf 87' lang='lat' dir='ltr'>diversa</span> <span class='ocrx_word' id='word_1_190' title='bbox 1058 2203 1164 2262; x_wconf 87' lang='lat' dir='ltr'>tamen</span> <span class='ocrx_word' id='word_1_191' title='bbox 1186 2193 1318 2275; x_wconf 91' lang='lat' dir='ltr'>paulum</span> 
     </span>
     <span class='ocr_line' id='line_1_21' title="bbox 156 2290 1321 2381; baseline -0.009 -17"><span class='ocrx_word' id='word_1_192' title='bbox 156 2317 383 2381; x_wconf 87' lang='lat' dir='ltr'>nonnunquam</span> <span class='ocrx_word' id='word_1_193' title='bbox 406 2297 646 2380; x_wconf 84' lang='lat' dir='ltr'>significatione,</span> <span class='ocrx_word' id='word_1_194' title='bbox 669 2305 703 2364; x_wconf 87' lang='lat' dir='ltr'>et</span> <span class='ocrx_word' id='word_1_195' title='bbox 724 2299 908 2363; x_wconf 87' lang='lat' dir='ltr'>adsciscunt</span> <span class='ocrx_word' id='word_1_196' title='bbox 930 2296 1123 2373; x_wconf 87' lang='lat' dir='ltr'>subiectum,</span> <span class='ocrx_word' id='word_1_197' title='bbox 1147 2310 1220 2358; x_wconf 88' lang='lat' dir='ltr'>cum</span> <span class='ocrx_word' id='word_1_198' title='bbox 1241 2290 1321 2354; x_wconf 87' lang='lat' dir='ltr'>haec</span> 
     </span>
     <span class='ocr_line' id='line_1_22' title="bbox 157 2387 1322 2477; baseline -0.01 -17"><span class='ocrx_word' id='word_1_199' title='bbox 157 2397 257 2461; x_wconf 88' lang='lat' dir='ltr'>verba</span> <span class='ocrx_word' id='word_1_200' title='bbox 278 2398 408 2477; x_wconf 90' lang='lat' dir='ltr'>proprie</span> <span class='ocrx_word' id='word_1_201' title='bbox 432 2397 497 2461; x_wconf 88' lang='lat' dir='ltr'>sint</span> <span class='ocrx_word' id='word_1_202' title='bbox 518 2398 605 2473; x_wconf 87' lang='lat' dir='ltr'>talia,</span> <span class='ocrx_word' id='word_1_203' title='bbox 628 2413 765 2476; x_wconf 87' lang='lat' dir='ltr'>quorum</span> <span class='ocrx_word' id='word_1_204' title='bbox 787 2394 968 2460; x_wconf 88' lang='lat' dir='ltr'>subiectum</span> <span class='ocrx_word' id='word_1_205' title='bbox 989 2393 1022 2457; x_wconf 92' lang='lat' dir='ltr'>in</span> <span class='ocrx_word' id='word_1_206' title='bbox 1042 2391 1121 2471; x_wconf 88' lang='lat' dir='ltr'>ipsis</span> <span class='ocrx_word' id='word_1_207' title='bbox 1144 2390 1195 2466; x_wconf 89' lang='lat' dir='ltr'>sit,</span> <span class='ocrx_word' id='word_1_208' title='bbox 1217 2387 1263 2452; x_wconf 87' lang='lat' dir='ltr'>ita</span> <span class='ocrx_word' id='word_1_209' title='bbox 1283 2387 1322 2449; x_wconf 87' lang='lat' dir='ltr'>ut</span> 
     </span>
     <span class='ocr_line' id='line_1_23' title="bbox 156 2483 1323 2574; baseline -0.01 -16"><span class='ocrx_word' id='word_1_210' title='bbox 156 2493 188 2558; x_wconf 94' lang='lat' dir='ltr'>in</span> <span class='ocrx_word' id='word_1_211' title='bbox 212 2513 246 2558; x_wconf 89' lang='lat' dir='ltr'>se</span> <span class='ocrx_word' id='word_1_212' title='bbox 268 2495 347 2574; x_wconf 90' lang='lat' dir='ltr'>ipsis</span> <span class='ocrx_word' id='word_1_213' title='bbox 370 2495 462 2574; x_wconf 86' lang='lat' dir='ltr'>quasi</span> <span class='ocrx_word' id='word_1_214' title='bbox 483 2494 562 2559; x_wconf 90' lang='lat' dir='ltr'>illud</span> <span class='ocrx_word' id='word_1_215' title='bbox 582 2493 754 2558; x_wconf 88' lang='lat' dir='ltr'>includant.</span> <span class='ocrx_word' id='word_1_216' title='bbox 798 2492 870 2557; x_wconf 91' lang='lat' dir='ltr'>Huc</span> <span class='ocrx_word' id='word_1_217' title='bbox 884 2489 1047 2572; x_wconf 89' lang='lat' dir='ltr'>pertinent</span> <span class='ocrx_word' id='word_1_218' title='bbox 1061 2488 1200 2569; x_wconf 91' lang='lat' dir='ltr'>primum</span> <span class='ocrx_word' id='word_1_219' title='bbox 1222 2483 1323 2548; x_wconf 87' lang='lat' dir='ltr'>verba</span> 
     </span>
     <span class='ocr_line' id='line_1_24' title="bbox 155 2582 1322 2670; baseline -0.006 -19"><span class='ocrx_word' id='word_1_220' title='bbox 155 2594 279 2654; x_wconf 77' lang='lat' dir='ltr'>interest</span> <span class='ocrx_word' id='word_1_221' title='bbox 298 2598 331 2656; x_wconf 90' lang='lat' dir='ltr'>et</span> <span class='ocrx_word' id='word_1_222' title='bbox 352 2595 446 2666; x_wconf 86' lang='lat' dir='ltr'>refert</span> <span class='ocrx_word' id='word_1_223' title='bbox 467 2591 516 2668; x_wconf 84' lang='lat' dir='ltr'>(cf.</span> <span class='ocrx_word' id='word_1_224' title='bbox 540 2591 687 2656; x_wconf 88' lang='lat' dir='ltr'>Ruddim.</span> <span class='ocrx_word' id='word_1_225' title='bbox 710 2589 756 2669; x_wconf 90' lang='lat' dir='ltr'>II,</span> <span class='ocrx_word' id='word_1_226' title='bbox 784 2608 814 2670; x_wconf 91' lang='lat' dir='ltr'>p.</span> <span class='ocrx_word' id='word_1_227' title='bbox 839 2593 923 2662; x_wconf 75' lang='lat'>203).</span> <span class='ocrx_word' id='word_1_228' title='bbox 968 2582 1261 2661; x_wconf 70' lang='lat' dir='ltr'>Praeclusum,</span> <span class='ocrx_word' id='word_1_229' title='bbox 1294 2587 1322 2660; x_wconf 92' lang='lat' dir='ltr'>l,</span> 
     </span>
     <span class='ocr_line' id='line_1_25' title="bbox 157 2680 1321 2765; baseline -0.009 -13"><span class='ocrx_word' id='word_1_230' title='bbox 157 2693 214 2752; x_wconf 83' lang='lat'>60:</span> <span class='ocrx_word' id='word_1_231' title='bbox 239 2690 352 2749; x_wconf 84' lang='lat' dir='ltr'>Pluma</span> <span class='ocrx_word' id='word_1_232' title='bbox 367 2693 439 2750; x_wconf 90' lang='lat' dir='ltr'>haut</span> <span class='ocrx_word' id='word_1_233' title='bbox 453 2692 581 2759; x_wconf 79' lang='lat' dir='ltr'>interest,</span> <span class='ocrx_word' id='word_1_234' title='bbox 603 2695 748 2765; x_wconf 87' lang='lat' dir='ltr'>patronus</span> <span class='ocrx_word' id='word_1_235' title='bbox 764 2707 801 2749; x_wconf 85' lang='lat' dir='ltr'>an</span> <span class='ocrx_word' id='word_1_236' title='bbox 819 2693 922 2749; x_wconf 86' lang='lat' dir='ltr'>cluens</span> <span class='ocrx_word' id='word_1_237' title='bbox 938 2689 1076 2761; x_wconf 87' lang='lat' dir='ltr'>probrior</span> <span class='ocrx_word' id='word_1_238' title='bbox 1092 2685 1160 2746; x_wconf 88' lang='lat' dir='ltr'>siet.</span> <span class='ocrx_word' id='word_1_239' title='bbox 1194 2680 1321 2743; x_wconf 87' lang='lat' dir='ltr'>Terent.</span> 
     </span>
     <span class='ocr_line' id='line_1_26' title="bbox 155 2783 484 2865; baseline 0.006 -17"><span class='ocrx_word' id='word_1_240' title='bbox 155 2783 236 2848; x_wconf 84' lang='lat' dir='ltr'>Eun.</span> <span class='ocrx_word' id='word_1_241' title='bbox 261 2784 304 2864; x_wconf 91' lang='grc' dir='ltr'>Π,</span> <span class='ocrx_word' id='word_1_242' title='bbox 329 2791 395 2864; x_wconf 82' lang='lat'>2,1</span> <span class='ocrx_word' id='word_1_243' title='bbox 421 2803 484 2865; x_wconf 91' lang='lat' dir='ltr'>sq.:</span> 
     </span>
    </p>
   </div>
   <div class='ocr_carea' id='block_1_3' title="bbox 195 2925 1281 3109">
    <p class='ocr_par' dir='ltr' id='par_1_4' title="bbox 195 2925 1281 3109">
     <span class='ocr_line' id='line_1_27' title="bbox 195 2925 1281 3007; baseline -0.006 -17"><span class='ocrx_word' id='word_1_244' title='bbox 195 2933 236 2990; x_wconf 91' lang='lat' dir='ltr'>Di</span> <span class='ocrx_word' id='word_1_245' title='bbox 258 2933 452 3006; x_wconf 90' lang='lat' dir='ltr'>immortales,</span> <span class='ocrx_word' id='word_1_246' title='bbox 476 2934 588 2992; x_wconf 91' lang='lat' dir='ltr'>homini</span> <span class='ocrx_word' id='word_1_247' title='bbox 612 2935 699 2994; x_wconf 89' lang='lat' dir='ltr'>homo</span> <span class='ocrx_word' id='word_1_248' title='bbox 722 2931 793 3007; x_wconf 89' lang='lat' dir='ltr'>quid</span> <span class='ocrx_word' id='word_1_249' title='bbox 813 2928 970 3007; x_wconf 81' lang='lat' dir='ltr'>praestet?</span> <span class='ocrx_word' id='word_1_250' title='bbox 994 2930 1087 2988; x_wconf 90' lang='lat' dir='ltr'>stulto</span> <span class='ocrx_word' id='word_1_251' title='bbox 1110 2925 1281 2998; x_wconf 74' lang='lat' dir='ltr'>tutellepeus</span> 
     </span>
     <span class='ocr_line' id='line_1_28' title="bbox 204 3030 465 3109; baseline 0.004 -22"><span class='ocrx_word' id='word_1_252' title='bbox 204 3031 281 3102; x_wconf 78' lang='lat' dir='ltr'>Quid</span> <span class='ocrx_word' id='word_1_253' title='bbox 302 3030 381 3109; x_wconf 80' lang='grc'><strong>111111</strong></span> <span class='ocrx_word' id='word_1_254' title='bbox 404 3031 465 3091; x_wconf 77' lang='lat' dir='ltr'>est?</span> 
     </span>
    </p>
   </div>
   <div class='ocr_carea' id='block_1_4' title="bbox 154 3170 1327 4225">
    <p class='ocr_par' dir='ltr' id='par_1_5' title="bbox 154 3170 1327 4225">
     <span class='ocr_line' id='line_1_29' title="bbox 155 3170 1322 3252; baseline -0.003 -15"><span class='ocrx_word' id='word_1_255' title='bbox 155 3171 238 3237; x_wconf 87' lang='lat' dir='ltr'>Eun.</span> <span class='ocrx_word' id='word_1_256' title='bbox 261 3173 315 3251; x_wconf 92' lang='lat' dir='ltr'>IV,</span> <span class='ocrx_word' id='word_1_257' title='bbox 340 3177 392 3236; x_wconf 88' lang='lat'>18:</span> <span class='ocrx_word' id='word_1_258' title='bbox 428 3180 606 3252; x_wconf 84' lang='lat' dir='ltr'>quasivero</span> <span class='ocrx_word' id='word_1_259' title='bbox 629 3178 758 3251; x_wconf 78' lang='lat' dir='ltr'>paulurn</span> <span class='ocrx_word' id='word_1_260' title='bbox 778 3178 857 3236; x_wconf 81' lang='lat' dir='ltr'>tuter</span> <span class='ocrx_word' id='word_1_261' title='bbox 878 3176 941 3236; x_wconf 84' lang='lat' dir='ltr'>siet.</span> <span class='ocrx_word' id='word_1_262' title='bbox 986 3170 1120 3251; x_wconf 83' lang='lat' dir='ltr'>Adelph.</span> <span class='ocrx_word' id='word_1_263' title='bbox 1145 3171 1175 3250; x_wconf 96' lang='grc' dir='ltr'>Ι,</span> <span class='ocrx_word' id='word_1_264' title='bbox 1208 3176 1240 3249; x_wconf 93' lang='lat' dir='ltr'>l,</span> <span class='ocrx_word' id='word_1_265' title='bbox 1266 3175 1322 3234; x_wconf 80' lang='lat'>51:</span> 
     </span>
     <span class='ocr_line' id='line_1_30' title="bbox 158 3267 1323 3349; baseline -0.003 -15"><span class='ocrx_word' id='word_1_266' title='bbox 158 3275 223 3334; x_wconf 89' lang='lat' dir='ltr'>Hoc</span> <span class='ocrx_word' id='word_1_267' title='bbox 240 3277 329 3344; x_wconf 81' lang='lat' dir='ltr'>parer</span> <span class='ocrx_word' id='word_1_268' title='bbox 351 3291 386 3332; x_wconf 88' lang='lat' dir='ltr'>ac</span> <span class='ocrx_word' id='word_1_269' title='bbox 409 3274 545 3334; x_wconf 81' lang='lat' dir='ltr'>domiuus</span> <span class='ocrx_word' id='word_1_270' title='bbox 567 3276 696 3336; x_wconf 78' lang='lat' dir='ltr'>interest.</span> <span class='ocrx_word' id='word_1_271' title='bbox 741 3272 845 3338; x_wconf 83' lang='lat' dir='ltr'>Pleut.</span> <span class='ocrx_word' id='word_1_272' title='bbox 868 3271 955 3334; x_wconf 86' lang='lat' dir='ltr'>Pers.</span> <span class='ocrx_word' id='word_1_273' title='bbox 979 3267 1034 3348; x_wconf 91' lang='lat' dir='ltr'>IV,</span> <span class='ocrx_word' id='word_1_274' title='bbox 1058 3275 1087 3349; x_wconf 89' lang='lat'>3,</span> <span class='ocrx_word' id='word_1_275' title='bbox 1109 3274 1164 3334; x_wconf 85' lang='lat'>44:</span> <span class='ocrx_word' id='word_1_276' title='bbox 1190 3272 1266 3344; x_wconf 77' lang='lat' dir='ltr'>Quid</span> <span class='ocrx_word' id='word_1_277' title='bbox 1288 3270 1323 3330; x_wconf 79' lang='lat' dir='ltr'>ro</span> 
     </span>
     <span class='ocr_line' id='line_1_31' title="bbox 156 3368 1322 3445; baseline -0.002 -15"><span class='ocrx_word' id='word_1_278' title='bbox 156 3371 194 3430; x_wconf 86' lang='lat' dir='ltr'>ad</span> <span class='ocrx_word' id='word_1_279' title='bbox 217 3387 263 3430; x_wconf 91' lang='lat' dir='ltr'>me</span> <span class='ocrx_word' id='word_1_280' title='bbox 288 3377 338 3431; x_wconf 88' lang='lat' dir='ltr'>ant</span> <span class='ocrx_word' id='word_1_281' title='bbox 361 3371 399 3432; x_wconf 87' lang='lat' dir='ltr'>ad</span> <span class='ocrx_word' id='word_1_282' title='bbox 421 3389 517 3430; x_wconf 91' lang='lat' dir='ltr'>meam</span> <span class='ocrx_word' id='word_1_283' title='bbox 539 3390 602 3432; x_wconf 86' lang='lat' dir='ltr'>rem</span> <span class='ocrx_word' id='word_1_284' title='bbox 624 3373 732 3444; x_wconf 88' lang='lat' dir='ltr'>refert,</span> <span class='ocrx_word' id='word_1_285' title='bbox 761 3374 871 3432; x_wconf 87' lang='lat' dir='ltr'>Persae</span> <span class='ocrx_word' id='word_1_286' title='bbox 902 3368 973 3445; x_wconf 90' lang='lat' dir='ltr'>qnid</span> <span class='ocrx_word' id='word_1_287' title='bbox 1003 3386 1104 3429; x_wconf 80' lang='lat' dir='ltr'>rernm</span> <span class='ocrx_word' id='word_1_288' title='bbox 1131 3377 1238 3444; x_wconf 81' lang='lat' dir='ltr'>gerant</span> <span class='ocrx_word' id='word_1_289' title='bbox 1258 3368 1322 3427; x_wconf 75' lang='grc'>-1</span> 
     </span>
     <span class='ocr_line' id='line_1_32' title="bbox 154 3463 1323 3544; baseline -0.003 -15"><span class='ocrx_word' id='word_1_290' title='bbox 154 3465 209 3544; x_wconf 91' lang='lat' dir='ltr'>IV,</span> <span class='ocrx_word' id='word_1_291' title='bbox 233 3473 265 3542; x_wconf 90' lang='grc'>4,</span> <span class='ocrx_word' id='word_1_292' title='bbox 288 3471 345 3530; x_wconf 85' lang='grc'>44;</span> <span class='ocrx_word' id='word_1_293' title='bbox 381 3477 411 3528; x_wconf 86' lang='lat' dir='ltr'>te</span> <span class='ocrx_word' id='word_1_294' title='bbox 435 3505 473 3515; x_wconf 93' lang='lat'>-</span> <span class='ocrx_word' id='word_1_295' title='bbox 497 3472 670 3542; x_wconf 88' lang='lat' dir='ltr'>percontari</span> <span class='ocrx_word' id='word_1_296' title='bbox 693 3472 774 3542; x_wconf 93' lang='lat' dir='ltr'>volo,</span> <span class='ocrx_word' id='word_1_297' title='bbox 809 3469 891 3544; x_wconf 72' lang='lat' dir='ltr'>Quae</span> <span class='ocrx_word' id='word_1_298' title='bbox 919 3467 957 3526; x_wconf 89' lang='lat' dir='ltr'>ad</span> <span class='ocrx_word' id='word_1_299' title='bbox 980 3483 1043 3529; x_wconf 90' lang='lat' dir='ltr'>rem</span> <span class='ocrx_word' id='word_1_300' title='bbox 1065 3466 1210 3539; x_wconf 82' lang='lat' dir='ltr'>referuut.</span> <span class='ocrx_word' id='word_1_301' title='bbox 1256 3463 1323 3527; x_wconf 88' lang='lat' dir='ltr'>Mil.</span> 
     </span>
     <span class='ocr_line' id='line_1_33' title="bbox 155 3562 1324 3642; baseline -0.003 -16"><span class='ocrx_word' id='word_1_302' title='bbox 155 3563 216 3642; x_wconf 91' lang='grc' dir='ltr'>ΙΙΙ,</span> <span class='ocrx_word' id='word_1_303' title='bbox 243 3568 270 3641; x_wconf 97' lang='lat' dir='ltr'>l,</span> <span class='ocrx_word' id='word_1_304' title='bbox 294 3569 370 3628; x_wconf 86' lang='lat'>214:</span> <span class='ocrx_word' id='word_1_305' title='bbox 406 3574 453 3626; x_wconf 88' lang='lat' dir='ltr'>set</span> <span class='ocrx_word' id='word_1_306' title='bbox 483 3567 555 3639; x_wconf 75' lang='lat' dir='ltr'>quta</span> <span class='ocrx_word' id='word_1_307' title='bbox 576 3569 744 3628; x_wconf 88' lang='lat' dir='ltr'>meminisse</span> <span class='ocrx_word' id='word_1_308' title='bbox 771 3567 802 3625; x_wconf 88' lang='lat' dir='ltr'>id</span> <span class='ocrx_word' id='word_1_309' title='bbox 824 3565 932 3636; x_wconf 82' lang='lat' dir='ltr'>refert,</span> <span class='ocrx_word' id='word_1_310' title='bbox 968 3581 1022 3641; x_wconf 81' lang='lat' dir='ltr'>ego</span> <span class='ocrx_word' id='word_1_311' title='bbox 1051 3562 1180 3639; x_wconf 89' lang='lat' dir='ltr'>[nescio]</span> <span class='ocrx_word' id='word_1_312' title='bbox 1211 3571 1324 3624; x_wconf 86' lang='lat' dir='ltr'>tamen.</span> 
     </span>
     <span class='ocr_line' id='line_1_34' title="bbox 159 3660 1323 3739; baseline -0.002 -15"><span class='ocrx_word' id='word_1_313' title='bbox 159 3660 274 3725; x_wconf 81' lang='lat' dir='ltr'>Bacch.</span> <span class='ocrx_word' id='word_1_314' title='bbox 297 3660 356 3739; x_wconf 92' lang='grc' dir='ltr'>ΙΙΙ,</span> <span class='ocrx_word' id='word_1_315' title='bbox 379 3666 410 3739; x_wconf 88' lang='grc'>4,</span> <span class='ocrx_word' id='word_1_316' title='bbox 436 3666 476 3726; x_wconf 82' lang='lat'>20</span> <span class='ocrx_word' id='word_1_317' title='bbox 499 3679 538 3726; x_wconf 84' lang='lat' dir='ltr'>ex</span> <span class='ocrx_word' id='word_1_318' title='bbox 561 3661 781 3726; x_wconf 88' lang='lat' dir='ltr'>emendatione</span> <span class='ocrx_word' id='word_1_319' title='bbox 804 3660 985 3725; x_wconf 88' lang='lat' dir='ltr'>Ritsohelii:</span> <span class='ocrx_word' id='word_1_320' title='bbox 1020 3665 1093 3722; x_wconf 83' lang='lat' dir='ltr'>Tum</span> <span class='ocrx_word' id='word_1_321' title='bbox 1116 3679 1204 3737; x_wconf 87' lang='lat' dir='ltr'>quom</span> <span class='ocrx_word' id='word_1_322' title='bbox 1227 3662 1323 3722; x_wconf 90' lang='lat' dir='ltr'>nihilo</span> 
     </span>
     <span class='ocr_line' id='line_1_35' title="bbox 156 3749 1321 3837; baseline -0.002 -17"><span class='ocrx_word' id='word_1_323' title='bbox 156 3762 224 3836; x_wconf 90' lang='lat' dir='ltr'>plns</span> <span class='ocrx_word' id='word_1_324' title='bbox 247 3763 285 3820; x_wconf 88' lang='lat' dir='ltr'>ad</span> <span class='ocrx_word' id='word_1_325' title='bbox 316 3777 397 3822; x_wconf 85' lang='lat' dir='ltr'>suam</span> <span class='ocrx_word' id='word_1_326' title='bbox 427 3779 490 3822; x_wconf 90' lang='lat' dir='ltr'>rem</span> <span class='ocrx_word' id='word_1_327' title='bbox 512 3761 580 3822; x_wconf 85' lang='lat' dir='ltr'>r&#39;tlut</span> <span class='ocrx_word' id='word_1_328' title='bbox 602 3761 718 3833; x_wconf 85' lang='lat' dir='ltr'>referet.</span> <span class='ocrx_word' id='word_1_329' title='bbox 765 3749 861 3822; x_wconf 78' lang='lat' dir='ltr'>Stich.</span> <span class='ocrx_word' id='word_1_330' title='bbox 885 3757 928 3837; x_wconf 92' lang='lat' dir='ltr'>II,</span> <span class='ocrx_word' id='word_1_331' title='bbox 954 3762 981 3836; x_wconf 93' lang='grc'>1,</span> <span class='ocrx_word' id='word_1_332' title='bbox 1005 3762 1062 3822; x_wconf 85' lang='grc'>48;</span> <span class='ocrx_word' id='word_1_333' title='bbox 1093 3761 1157 3818; x_wconf 88' lang='lat' dir='ltr'>Tua</span> <span class='ocrx_word' id='word_1_334' title='bbox 1178 3759 1256 3831; x_wconf 73' lang='lat' dir='ltr'>quod</span> <span class='ocrx_word' id='word_1_335' title='bbox 1277 3760 1321 3818; x_wconf 89' lang='lat' dir='ltr'>nil</span> 
     </span>
     <span class='ocr_line' id='line_1_36' title="bbox 154 3855 1322 3936; baseline -0.002 -20"><span class='ocrx_word' id='word_1_336' title='bbox 154 3859 262 3930; x_wconf 82' lang='lat' dir='ltr'>refert,</span> <span class='ocrx_word' id='word_1_337' title='bbox 293 3875 330 3920; x_wconf 86' lang='lat' dir='ltr'>ne</span> <span class='ocrx_word' id='word_1_338' title='bbox 360 3876 455 3920; x_wconf 89' lang='lat' dir='ltr'>cures.</span> <span class='ocrx_word' id='word_1_339' title='bbox 502 3857 592 3936; x_wconf 88' lang='lat' dir='ltr'>Epid.</span> <span class='ocrx_word' id='word_1_340' title='bbox 617 3857 659 3933; x_wconf 93' lang='lat' dir='ltr'>Il,</span> <span class='ocrx_word' id='word_1_341' title='bbox 682 3861 711 3934; x_wconf 85' lang='lat'>2,</span> <span class='ocrx_word' id='word_1_342' title='bbox 735 3860 791 3920; x_wconf 82' lang='lat'>93:</span> <span class='ocrx_word' id='word_1_343' title='bbox 829 3859 923 3930; x_wconf 81' lang='lat' dir='ltr'>Quam</span> <span class='ocrx_word' id='word_1_344' title='bbox 950 3857 988 3917; x_wconf 85' lang='lat' dir='ltr'>ad</span> <span class='ocrx_word' id='word_1_345' title='bbox 1020 3874 1082 3916; x_wconf 87' lang='lat' dir='ltr'>rem</span> <span class='ocrx_word' id='word_1_346' title='bbox 1109 3857 1186 3916; x_wconf 81' lang='lat' dir='ltr'>istuc</span> <span class='ocrx_word' id='word_1_347' title='bbox 1208 3855 1322 3927; x_wconf 78' lang='lat' dir='ltr'>refert?</span> 
     </span>
     <span class='ocr_line' id='line_1_37' title="bbox 154 3952 1322 4031; baseline -0.003 -15"><span class='ocrx_word' id='word_1_348' title='bbox 154 3953 235 4018; x_wconf 87' lang='lat' dir='ltr'>Rud.</span> <span class='ocrx_word' id='word_1_349' title='bbox 259 3952 285 4031; x_wconf 88' lang='lat'>1,</span> <span class='ocrx_word' id='word_1_350' title='bbox 310 3957 339 4031; x_wconf 80' lang='lat'>2,</span> <span class='ocrx_word' id='word_1_351' title='bbox 364 3957 420 4017; x_wconf 83' lang='lat'>88:</span> <span class='ocrx_word' id='word_1_352' title='bbox 451 3958 529 4030; x_wconf 78' lang='lat' dir='ltr'>Quid</span> <span class='ocrx_word' id='word_1_353' title='bbox 549 3957 583 4015; x_wconf 85' lang='lat' dir='ltr'>r&#39;d</span> <span class='ocrx_word' id='word_1_354' title='bbox 603 3956 698 4027; x_wconf 78' lang='lat' dir='ltr'>refert</span> <span class='ocrx_word' id='word_1_355' title='bbox 717 3954 787 4014; x_wconf 80' lang='lat' dir='ltr'>tna?</span> <span class='ocrx_word' id='word_1_356' title='bbox 830 3952 887 4031; x_wconf 85' lang='lat' dir='ltr'>IV,</span> <span class='ocrx_word' id='word_1_357' title='bbox 912 3958 940 4030; x_wconf 88' lang='lat'>3,</span> <span class='ocrx_word' id='word_1_358' title='bbox 965 3957 1019 4016; x_wconf 79' lang='lat'>27:</span> <span class='ocrx_word' id='word_1_359' title='bbox 1056 3955 1158 4014; x_wconf 89' lang='lat' dir='ltr'>Nihilo</span> <span class='ocrx_word' id='word_1_360' title='bbox 1180 3954 1231 4028; x_wconf 92' lang='lat' dir='ltr'>pol</span> <span class='ocrx_word' id='word_1_361' title='bbox 1254 3955 1322 4027; x_wconf 88' lang='lat' dir='ltr'>plu·</span> 
     </span>
     <span class='ocr_line' id='line_1_38' title="bbox 155 4048 1326 4129; baseline 0 -17"><span class='ocrx_word' id='word_1_362' title='bbox 155 4055 196 4113; x_wconf 92' lang='lat' dir='ltr'>ris</span> <span class='ocrx_word' id='word_1_363' title='bbox 220 4061 272 4113; x_wconf 86' lang='lat' dir='ltr'>tna</span> <span class='ocrx_word' id='word_1_364' title='bbox 295 4053 349 4112; x_wconf 79' lang='lat' dir='ltr'>hoc</span> <span class='ocrx_word' id='word_1_365' title='bbox 372 4071 458 4128; x_wconf 87' lang='lat' dir='ltr'>quam</span> <span class='ocrx_word' id='word_1_366' title='bbox 481 4055 584 4129; x_wconf 89' lang='lat' dir='ltr'>quanti</span> <span class='ocrx_word' id='word_1_367' title='bbox 606 4052 677 4114; x_wconf 81' lang='lat' dir='ltr'>r‘ttut</span> <span class='ocrx_word' id='word_1_368' title='bbox 696 4051 791 4124; x_wconf 88' lang='lat' dir='ltr'>refert</span> <span class='ocrx_word' id='word_1_369' title='bbox 810 4067 884 4109; x_wconf 83' lang='lat' dir='ltr'>mee.</span> <span class='ocrx_word' id='word_1_370' title='bbox 928 4048 983 4127; x_wconf 88' lang='lat' dir='ltr'>IV,</span> <span class='ocrx_word' id='word_1_371' title='bbox 1006 4053 1036 4124; x_wconf 93' lang='lat'>4,</span> <span class='ocrx_word' id='word_1_372' title='bbox 1057 4053 1114 4113; x_wconf 83' lang='lat'>25:</span> <span class='ocrx_word' id='word_1_373' title='bbox 1152 4052 1326 4124; x_wconf 77' lang='lat' dir='ltr'>Quomodo</span> 
     </span>
     <span class='ocr_line' id='line_1_39' title="bbox 155 4145 1327 4225; baseline -0.005 -15"><span class='ocrx_word' id='word_1_374' title='bbox 155 4151 276 4225; x_wconf 88' lang='lat' dir='ltr'>habeas,</span> <span class='ocrx_word' id='word_1_375' title='bbox 299 4151 369 4212; x_wconf 81' lang='grc'><strong>11111</strong></span> <span class='ocrx_word' id='word_1_376' title='bbox 388 4151 488 4222; x_wconf 89' lang='lat' dir='ltr'>refert,</span> <span class='ocrx_word' id='word_1_377' title='bbox 511 4153 614 4211; x_wconf 87' lang='lat' dir='ltr'>iurene</span> <span class='ocrx_word' id='word_1_378' title='bbox 638 4165 714 4211; x_wconf 87' lang='lat' dir='ltr'>anne</span> <span class='ocrx_word' id='word_1_379' title='bbox 737 4149 855 4208; x_wconf 89' lang='lat' dir='ltr'>iniuria.</span> <span class='ocrx_word' id='word_1_380' title='bbox 892 4145 991 4209; x_wconf 89' lang='lat' dir='ltr'>Mero.</span> <span class='ocrx_word' id='word_1_381' title='bbox 1015 4145 1057 4222; x_wconf 91' lang='lat' dir='ltr'>H,</span> <span class='ocrx_word' id='word_1_382' title='bbox 1083 4150 1112 4225; x_wconf 92' lang='lat'>3,</span> <span class='ocrx_word' id='word_1_383' title='bbox 1143 4150 1221 4209; x_wconf 84' lang='lat'>117:</span> <span class='ocrx_word' id='word_1_384' title='bbox 1246 4147 1327 4217; x_wconf 80' lang='lat' dir='ltr'>Quid</span> 
     </span>
    </p>
   </div>
   <div class='ocr_carea' id='block_1_5' title="bbox 156 4237 1326 4324">
    <p class='ocr_par' dir='ltr' id='par_1_6' title="bbox 156 4237 1326 4324">
     <span class='ocr_line' id='line_1_40' title="bbox 156 4237 1326 4324; baseline -0.006 -16"><span class='ocrx_word' id='word_1_385' title='bbox 156 4267 221 4308; x_wconf 89' lang='lat' dir='ltr'>mea</span> <span class='ocrx_word' id='word_1_386' title='bbox 241 4249 275 4308; x_wconf 83' lang='grc'>111</span> <span class='ocrx_word' id='word_1_387' title='bbox 294 4248 408 4320; x_wconf 78' lang='lat' dir='ltr'>refert?</span> <span class='ocrx_word' id='word_1_388' title='bbox 453 4244 523 4309; x_wconf 82' lang='lat' dir='ltr'>Cas</span> <span class='ocrx_word' id='word_1_389' title='bbox 547 4245 590 4324; x_wconf 92' lang='lat' dir='ltr'>II,</span> <span class='ocrx_word' id='word_1_390' title='bbox 614 4251 642 4324; x_wconf 83' lang='lat'>5,</span> <span class='ocrx_word' id='word_1_391' title='bbox 667 4248 720 4307; x_wconf 82' lang='lat'>22:</span> <span class='ocrx_word' id='word_1_392' title='bbox 758 4244 835 4316; x_wconf 77' lang='lat' dir='ltr'>Quid</span> <span class='ocrx_word' id='word_1_393' title='bbox 861 4244 895 4302; x_wconf 81' lang='lat' dir='ltr'>r‘d</span> <span class='ocrx_word' id='word_1_394' title='bbox 915 4245 1009 4316; x_wconf 86' lang='lat' dir='ltr'>refert</span> <span class='ocrx_word' id='word_1_395' title='bbox 1036 4245 1112 4304; x_wconf 77' lang='lat' dir='ltr'>tna?</span> <span class='ocrx_word' id='word_1_396' title='bbox 1156 4242 1244 4304; x_wconf 86' lang='lat' dir='ltr'>Pers.</span> <span class='ocrx_word' id='word_1_397' title='bbox 1268 4237 1326 4319; x_wconf 90' lang='lat' dir='ltr'>IV,</span> 
     </span>
    </p>
   </div>
   <div class='ocr_carea' id='block_1_6' title="bbox 0 0 1528 4758">
    <p class='ocr_par' dir='ltr' id='par_1_7' title="bbox 0 0 1528 4758">
     <span class='ocr_line' id='line_1_41' title="bbox 0 0 1528 4758; baseline 0 0"><span class='ocrx_word' id='word_1_398' title='bbox 0 0 1528 4758; x_wconf 95' lang='lat' dir='ltr'> </span> 
     </span>
    </p>
   </div>
  </div>
 </body>
</html>
