3004 4764
252 279 314 338 380
696 274 822 314 rsonou.
843 275 902 316 cnr.
917 277 955 317 vr.
1002 273 1013 288 .

251 459 310 516 oco
339 441 402 508 huc
427 444 568 525 pertinet
601 451 657 512 aut
682 466 743 529 per
770 465 805 514 se
834 447 975 530 positus,
1003 452 1076 527 aut,
1098 446 1183 528 quod
1204 444 1413 526 frequentius

251 545 317 619 est,
338 540 524 607 coniunctus
553 561 624 609 cum
647 545 872 626 comparativo,
893 546 979 611 unde
1001 545 1142 610 existunt
1161 543 1344 608 notissima
1366 543 1415 607 illa

248 655 307 712 ivo
327 641 437 714 mauis.
459 659 516 716 quo
539 644 646 712 nauca
670 641 741 706 alia.
784 643 888 708 Plaut.
911 643 983 708 Aul.
1006 642 1086 720 prol.
1108 660 1138 706 v.
1165 647 1217 707 14:
1246 644 1329 719 Agri
1350 645 1415 704 reli-

250 738 315 812 quit
342 739 370 797 ei
400 754 458 799 non
485 756 622 815 magnum
649 743 783 817 modum,
812 746 876 821 Quo
902 762 967 804 cunr
990 745 1092 803 labore
1114 759 1220 817 magno
1249 747 1285 801 et
1309 743 1415 802 misere

248 835 372 896 viveret.
394 833 487 913 Epid.
510 834 554 914 ΙΙ,
577 841 606 912 2,
631 841 704 902 106;
742 843 806 918 Quo
827 843 910 902 illum
933 842 970 902 ab
992 840 1046 901 illa
1066 840 1239 916 prohibeas.
1285 835 1371 900 Rud.
1393 835 1415 914 Ι,

248 931 280 1010 2,
303 933 358 994 23:
381 933 429 993 An
450 949 508 1006 ouo
529 935 658 997 furatum
679 941 782 1000 venias
804 941 932 1015 vestigas
955 937 1045 999 loco?
1067 935 1195 999 Terent.
1210 933 1360 1014 Adelph.
1377 933 1414 1012 ΙΙ,

250 1032 286 1105 4,
317 1031 352 1093 6:
383 1031 428 1091 Ne
458 1033 488 1092 id
510 1033 687 1096 adsentandi
709 1038 802 1111 magis
824 1055 912 1113 quam
934 1041 992 1109 quo
1016 1035 1141 1096 habeam
1163 1039 1291 1110 gratum
1315 1033 1414 1093 iacere

251 1127 422 1190 existumas.
467 1127 548 1193 Eun.
584 1128 615 1210 Ι,
651 1136 686 1210 2,
716 1134 772 1196 70:
815 1135 925 1195 Adiuta
953 1152 1017 1212 me,
1054 1149 1111 1206 quo
1138 1131 1169 1192 id
1195 1131 1254 1192 fiat
1288 1130 1414 1193 facilius.

249 1221 348 1286 Andr.
370 1222 396 1303 Ι,
420 1227 448 1294 2,
471 1229 510 1290 25
534 1243 597 1306 sq.:
635 1233 661 1292 si
684 1249 806 1292 sensero
828 1232 916 1292 hodie
939 1234 1095 1306 quicquam
1117 1231 1148 1289 in
1170 1229 1217 1290 his
1241 1235 1279 1289 te
1304 1230 1413 1304 nuptiis

248 1321 400 1383 Fallaciae
424 1326 539 1399 conari,
563 1343 620 1400 qao
642 1329 715 1389 fiant
737 1331 841 1391 minus.
885 1326 983 1392 Andr.
1007 1326 1067 1407 IV,
1090 1331 1127 1403 2,
1153 1329 1208 1389 16:
1241 1327 1280 1387 Si
1304 1328 1414 1402 poterit

247 1417 324 1494 fieri,
348 1426 381 1481 ut
403 1438 440 1482 ne
461 1429 550 1497 pater
571 1442 626 1499 per
648 1443 694 1486 me
717 1428 836 1488 stetisse
860 1427 972 1502 credat,
994 1429 1058 1504 Quo
1080 1427 1178 1486 minus
1200 1424 1282 1485 baec
1307 1425 1412 1483 fierent

250 1517 386 1591 nuptiae,
409 1521 485 1582 volo.
530 1519 607 1584 Hac.
631 1519 693 1600 IV,
716 1527 751 1602 4,
774 1527 809 1587 7;
854 1525 910 1585 Dic
933 1525 1012 1586 filiae
1035 1543 1086 1586 rus
1103 1540 1323 1584 concessuram
1348 1523 1411 1580 binc

248 1613 427 1676 Sostratam:
450 1619 496 1678 Ne
518 1627 700 1695 revereatur,
723 1623 819 1683 minus
841 1623 899 1682 iam
921 1637 978 1694 oco
1000 1623 1105 1683 redeat
1126 1621 1254 1681 domum.
1293 1617 1408 1682 Hecu:

247 1707 306 1788 ΙΙΙ,
330 1715 359 1788 2,
383 1716 437 1777 31:
461 1717 519 1776 nisi
538 1719 611 1777 mihi
633 1719 749 1792 quidem
773 1721 856 1781 addit
879 1723 1015 1797 animum,
1038 1735 1095 1792 quo
1117 1719 1220 1779 lubeat
1239 1719 1357 1792 mapsa.

337 1811 368 1884 3)
390 1808 568 1877 Pronomen
589 1812 756 1879 relativum
773 1833 901 1882 causam
924 1812 1090 1896 significat,
1113 1813 1167 1879 ubi
1188 1817 1222 1877 et
1236 1831 1319 1879 curn
1335 1810 1408 1876 indi·
1442 1858 1444 1868 .

255 1905 368 1982 cativo,
391 1911 433 1985 et,
456 1909 540 1988 quod
562 1908 762 1989 frequentius
785 1917 851 1992 est,
876 1931 946 1978 curn
970 1911 1167 1977 coniunctius
1191 1910 1406 1991 coniungitur,

249 2018 473 2081 nonnunquam
490 2006 586 2069 etiam
601 2007 648 2072 ita
662 2010 800 2088 ponitur,
822 2014 936 2076 utnon
958 2012 1084 2089 spectet
1103 2009 1144 2074 ad
1168 2009 1405 2074 substantivum

250 2099 393 2177 proxime
414 2119 651 2183 praegressum,
675 2107 731 2170 sed
754 2107 795 2170 ad
817 2107 914 2187 aliud,
938 2106 1022 2186 quod
1046 2106 1139 2188 quale
1162 2107 1205 2170 sit
1223 2125 1265 2170 ex
1283 2109 1405 2171 senten-

249 2195 296 2258 tia
326 2197 424 2263 totius
452 2198 513 2264 loci
537 2203 710 2266 eruendum
736 2209 794 2268 est.
840 2203 918 2269 Cato
948 2209 1027 2268 orat.
1057 2207 1170 2268 contra
1195 2203 1238 2268 M.
1263 2201 1402 2268 Caelium

251 2311 300 2374 ap.
330 2293 411 2360 Geli.
435 2297 465 2377 I,
499 2302 552 2362 15:
579 2301 744 2378 Numquam
772 2311 868 2377 tacet,
895 2322 979 2378 qoem
1005 2304 1123 2364 morbus
1146 2308 1230 2364 tenet
1256 2301 1403 2380 loquendi.
1431 2325 1434 2338 ·

253 2389 411 2459 Weberus
445 2415 528 2471 quem
567 2397 704 2478 explicat
735 2419 806 2460 com
839 2419 912 2463 eom.
972 2400 1154 2466 Subiectum
1188 2404 1237 2464 est
1273 2397 1404 2464 Caelius.

250 2486 353 2554 Plaut.
377 2491 442 2557 Mil.
471 2494 535 2575 ΠΙ,
566 2500 599 2570 l,
627 2501 703 2560 205:
731 2501 791 2576 Qui
819 2503 876 2561 nisi
904 2501 1051 2561 adulterio
1081 2500 1229 2560 studiosus
1261 2503 1312 2560 rei
1340 2494 1403 2557 nulli

248 2590 357 2650 aliaest
389 2593 548 2670 inprobus,
582 2591 637 2656 ubi
662 2592 767 2659 Lind:
801 2599 880 2674 „Qut
913 2604 962 2660 est
988 2595 1106 2675 quippe
1138 2595 1208 2675 qui,
1246 2597 1326 2675 quia
1352 2589 1401 2655 is.“

247 2683 307 2761 IV,
330 2690 362 2765 1,
393 2693 447 2752 27:
470 2693 571 2768 Quaen
595 2693 730 2772 cupiatl,
757 2693 812 2758 ubi
834 2693 938 2758 Lind:
966 2697 1070 2772 „Quae
1102 2696 1155 2758 est
1180 2695 1288 2769 pompe
1316 2707 1400 2767 quaet

247 2783 354 2862 quidni
376 2784 468 2867 velit,
492 2805 573 2868 quae
597 2787 727 2868 cupit?“
749 2809 777 2854 v.
803 2795 858 2855 38:
881 2810 957 2866 quac
979 2799 1009 2851 te
1025 2799 1174 2868 tamquam
1189 2795 1294 2854 oculos
1319 2793 1399 2858 amet,

247 2880 303 2944 ubi
333 2881 427 2947 Lind:
456 2902 515 2963 „ea
548 2885 632 2950 enim
658 2888 691 2950 te
719 2891 819 2964 amat,
848 2890 884 2952 ut
913 2887 1040 2968 saepe.“
1085 2887 1178 2952 Truc.
1202 2887 1266 2967 III,
1293 2894 1329 2966 1,
1353 2889 1398 2949 20:

252 2981 327 3053 Quid
342 2983 419 3042 istuc
442 2986 611 3062 alienumst,
643 2987 756 3061 amabo,
779 2989 821 3046 mi
844 2987 980 3063 Strabax,
1004 2989 1063 3064 Qui
1084 3005 1144 3048 non
1165 2991 1339 3062 extempulo
1360 2986 1397 3043 in·

248 3078 334 3138 tres?
384 3077 444 3158 IV,
468 3085 504 3160 2,
537 3086 592 3145 l‘l:
620 3085 734 3145 Stultus
761 3101 810 3159 es,
837 3087 888 3158 cut
914 3085 996 3147 lacta
1028 3085 1141 3146 inlecta
1171 3085 1274 3146 iacere
1307 3082 1396 3147 verbis
1456 3129 1457 3140 ,

250 3179 394 3250 postules.
439 3177 534 3243 Stich.
557 3177 612 3258 IV,
637 3185 665 3258 l,
687 3186 747 3245 49:
770 3184 920 3244 Videlicet
941 3201 1064 3258 parcum
1086 3183 1178 3244 luisse
1193 3185 1276 3243 illum
1294 3197 1396 3250 senem,

250 3275 301 3346 oct
326 3273 382 3350 [id]
399 3276 515 3339 dixerit.
540 3274 631 3356 Capi.
647 3277 689 3356 ΙΙ,
708 3285 735 3358 1,
751 3283 808 3343 46:
833 3283 976 3354 Quoniam
1001 3283 1086 3342 nobis
1102 3282 1132 3340 di
1147 3282 1322 3343 inmortales
1338 3278 1393 3340 ani-

249 3389 326 3432 mum
343 3375 540 3435 ostenderunt
555 3393 647 3450 suum,
666 3379 706 3438 Ut
719 3380 771 3452 pac·
787 3397 868 3440 erum
883 3397 929 3439 me
946 3381 1000 3440 tibi
1016 3379 1108 3441 luisse
1124 3385 1212 3455 atque
1236 3398 1303 3442 esse
1320 3389 1391 3439 nunc

246 3485 417 3531 conservom
434 3474 527 3533 velint
544 3473 599 3548 (=
614 3477 726 3554 utpote
749 3473 826 3555 qui).
877 3475 963 3540 Triu.
979 3475 1039 3555 III,
1063 3480 1092 3554 2,
1119 3480 1173 3541 ll:
1189 3481 1235 3538 An
1252 3481 1277 3539 it
1292 3485 1339 3540 est
1353 3490 1393 3534 sa·

245 3584 332 3641 pere,
347 3574 382 3629 ct
396 3571 447 3641 qai
463 3571 639 3632 beneficium
663 3592 681 3634 a
695 3576 888 3636 benevolente
914 3577 1077 3651 repudies?
1105 3572 1218 3639 Bacch.
1236 3573 1279 3650 ΙΙ,
1297 3581 1326 3651 3,
1341 3573 1392 3635 49:

243 3665 347 3726 Adeon
362 3667 507 3729 metuisse
522 3669 643 3744 fungum
655 3677 688 3731 at
699 3673 750 3744 qai
762 3674 807 3732 illi
823 3673 1048 3734 crederem--l
1060 3671 1144 3736 Triu.
1158 3671 1184 3751 Ι,
1198 3678 1226 3751 2,
1242 3677 1317 3736 126:
1330 3665 1392 3748 quid
1457 3667 1459 3780 l

244 3765 299 3825 tibi
311 3765 637 3840 egodicamlquc‘illius
650 3771 826 3844 sapientiam
839 3805 877 3816 -
890 3772 1106 3846 pessumdedit,
1119 3769 1159 3834 de
1171 3787 1200 3850 q.
1216 3769 1390 3834 l.Lindem.=

244 3859 346 3940 „Fere
361 3859 446 3926 idem
458 3867 507 3928 est
522 3881 559 3929 ac
576 3864 603 3928 si
614 3864 756 3930 dixisset:
770 3869 826 3927 Hic
842 3869 1007 3930 iam—iile
1023 3871 1145 3944 ignavus
1160 3901 1203 3912 --
1217 3887 1313 3943 paona
1328 3881 1388 3943 pos·

246 3979 309 4022 sum
325 3961 414 4024 dedit.
438 3960 500 4025 Pro
516 3965 564 4024 bic
578 3962 657 4027 dixit
672 3968 736 4044 qui,
755 3967 792 4027 ut
803 3962 942 4043 aliquam
957 3967 1064 4030 tamen
1080 3964 1120 4028 ad
1136 3964 1301 4046 superiora
1315 3959 1389 4027 rela-

245 4057 364 4122 tionem
386 4056 591 4141 significaret,
614 4067 763 4142 tanquam
787 4061 813 4126 si
839 4081 924 4136 com,
941 4067 1033 4140 enim,
1056 4062 1107 4128 vel
1128 4065 1245 4138 scilicet,
1268 4061 1317 4127 vel
1331 4055 1388 4124 tale

244 4154 336 4236 quid,
366 4155 451 4236 quod
480 4175 624 4222 caussam
654 4159 785 4239 indicet,
818 4159 1049 4240 apposuisset.“
1100 4158 1190 4241 capt.
1225 4159 1256 4239 I,
1280 4164 1317 4240 2,
1337 4159 1387 4221 ct:

243 4255 314 4330 quid
329 4272 375 4314 me
398 4263 514 4331 patrem
535 4275 591 4332 par
612 4257 753 4333 facerest,
776 4261 845 4332 quot
866 4261 949 4320 illest
977 4259 1100 4322 unicus?
1142 4257 1185 4338 11,
1208 4262 1237 4338 2,
1260 4262 1297 4322 8:
1318 4261 1387 4336 Quot
