3058 4766
489 306 578 348 CASUS
596 307 862 352 sunsunnhivonun.
876 333 902 342 -
920 311 1023 354 ABLA'l'.
1072 333 1074 344 =
1272 323 1330 381 139

174 473 217 557 ΙΙ,
243 480 270 558 1,
294 481 328 541 5:
352 476 427 539 Mihi
444 479 469 540 si
491 499 627 558 umquam
643 486 722 548 filius
738 488 805 562 erit,
828 505 864 548 ne
887 487 938 549 ille
959 487 1044 560 facili
1066 505 1112 548 ma
1125 493 1223 550 utetur
1232 493 1331 564 patra.

173 573 278 640 Plaut.
302 571 390 640 Asin.
414 573 452 655 V,
477 579 506 652 2,
529 581 586 642 68:
620 590 654 642 ut
681 585 758 645 sinat
788 585 859 647 Sese
890 586 1022 649 alternas
1055 603 1121 648 cum
1150 587 1203 648 illo
1233 586 1329 649 noctis

175 677 232 737 hoc
253 675 326 748 frui.
373 671 501 738 Terent.
518 675 651 758 Adelph.
671 677 709 759 V,
735 683 765 759 8,
789 685 844 745 27:
866 685 943 744 Huic
967 683 1069 745 demus
1092 681 1257 764 (agellum)
1279 687 1330 760 quc

175 775 306 848 fruator.
352 769 457 837 Plaut.
482 771 595 840 Pseud.
618 773 673 857 IV,
702 781 730 858 6,
754 784 789 844 9:
824 781 879 841 Ille
909 783 996 842 hodia
1023 783 1048 843 si
1077 781 1130 842 iilo
1158 783 1198 842 stt
1218 784 1331 857 potitus

173 874 304 934 mathae.
349 869 431 934 Rud.
461 869 516 951 IV,
547 876 576 953 2,
607 877 641 937 6:
680 895 755 953 quaa
784 909 827 921 -
855 879 979 942 Ρίισαέιι
997 897 1072 940 novo
1098 897 1145 940 ma
1160 879 1244 941 obeat
1263 897 1331 940 cosa·

168 970 285 1046 polluit.

262 1064 310 1129 Ad
326 1063 503 1146 analogiam
524 1068 615 1133 verbi
636 1073 684 1132 ata·
702 1070 798 1135 etiam
813 1091 885 1134 astas
899 1078 943 1135 est
962 1089 1033 1136 cum
1053 1069 1192 1138 ablativo
1207 1071 1328 1137 instru-

177 1162 275 1228 menti
297 1161 511 1244 coniungitur.
556 1163 634 1230 Cato
658 1167 694 1232 R.
718 1168 755 1234 R.
780 1187 804 1233 c.
828 1173 883 1233 68:
912 1174 996 1248 queis
1019 1189 1089 1232 usus
1113 1175 1180 1234 orit.
1226 1168 1329 1237 Plaut.

176 1259 290 1325 Pseud.
314 1260 340 1340 Ι,
364 1266 393 1341 3,
419 1265 496 1325 151:
528 1266 576 1325 Ad
605 1283 668 1326 eam
691 1286 755 1328 rem
776 1273 877 1330 ussast
897 1270 1013 1329 homine
1039 1273 1134 1331 astato
1156 1271 1237 1329 docto
1259 1271 1330 1330 scito

176 1367 207 1420 et
228 1359 343 1420 callido.
389 1359 476 1423 Asin.
500 1358 525 1439 I,
551 1366 577 1438 1,
603 1366 657 1427 76:
688 1367 802 1440 Viptutt
824 1369 881 1428 iam
904 1371 990 1428 usust
1010 1367 1071 1428 filio
1094 1369 1211 1444 argenti
1233 1367 1329 1429 minis.

175 1453 290 1521 Bacch.
306 1455 362 1535 IV,
379 1462 407 1537 5,
430 1462 463 1522 3:
487 1460 539 1521 Set
562 1480 638 1523 nunc
662 1465 887 1525 domnotoni
910 1472 1000 1541 atque
1023 1482 1109 1526 socco
1131 1483 1204 1526 usus
1224 1472 1329 1527 sanast.

174 1553 291 1618 Bacch.
308 1551 363 1633 IV,
380 1561 410 1634 4,
433 1559 488 1620 55:
512 1561 604 1619 Militi
625 1563 754 1622 commis
775 1562 908 1623 ducentis
930 1563 989 1622 iam
1011 1579 1099 1624 ossus
1122 1567 1164 1623 est
1184 1579 1239 1640 pro
1255 1564 1329 1622 Bac·

177 1654 274 1715 chida.
318 1651 413 1718 Most.
437 1654 462 1734 l,
487 1659 516 1735 3,
539 1660 594 1719 93:
616 1659 731 1730 speculo
753 1662 780 1719 ai
802 1677 874 1720 usos
903 1664 953 1720 est.
999 1657 1114 1723 Bacch.
1138 1655 1192 1736 IV,
1220 1661 1249 1735 9,
1271 1661 1330 1721 47:

174 1751 261 1812 Nunc
285 1753 386 1813 otieris
409 1755 498 1814 etiam
521 1754 653 1816 docentis
674 1773 761 1818 uastas
783 1761 833 1818 est.
867 1753 981 1820 Pseud.
998 1755 1024 1834 Ι,
1044 1759 1072 1834 2,
1089 1759 1146 1820 49:
1172 1757 1253 1830 Quor
1276 1773 1331 1832 ego

175 1856 288 1909 vestem
313 1868 414 1910 aurum
439 1859 527 1928 atque
552 1871 588 1913 ea
609 1855 715 1928 quibas
741 1859 784 1916 est
804 1857 886 1917 vobis
913 1873 998 1916 ussus
1020 1855 1202 1932 praehibeo?
1245 1851 1331 1916 Nou·

175 1944 273 2012 nullis
295 1945 388 2027 locis,
412 1965 491 2028 quos
514 1948 575 2012 iam
600 1966 711 2030 supra,
736 1969 805 2016 enm
830 1951 869 2016 de
891 1951 1085 2017 nominativo
1107 1950 1259 2032 agebam,
1282 1953 1331 2013 at·

175 2042 244 2122 tuli,
267 2043 396 2109 dubium
421 2063 491 2110 esse
515 2051 623 2127 potest
645 2054 753 2112 utrum
776 2068 858 2114 nom.
881 2067 921 2113 au
944 2048 1005 2114 abl.
1030 2045 1125 2129 positi
1148 2046 1220 2112 sint.
1249 2045 1332 2112 Sunt

175 2147 282 2207 autem
304 2142 353 2206 hi:
378 2141 459 2207 Rud.
476 2143 530 2222 IV,
550 2150 581 2225 4,
603 2151 658 2210 39:
681 2148 748 2208 Hoc
770 2167 865 2226 neque
885 2151 954 2210 isti'c
976 2151 1061 2209 usust
1081 2155 1112 2208 et
1133 2149 1180 2208 illi
1202 2148 1330 2207 miserae

177 2245 331 2318 suppetias
354 2241 442 2302 teret.
487 2239 554 2307 Mil.
575 2241 634 2323 ΙΙΙ,
662 2249 688 2322 l,
714 2249 788 2308 195:
813 2247 865 2307 Set
888 2247 956 2323 quid
979 2263 1015 2306 ea
1035 2263 1108 2307 usas
1129 2245 1196 2306 esar
1236 2239 1331 2306 Cure.

177 2336 237 2417 ΙΙΙ,
262 2344 315 2404 13:
340 2359 411 2402 usus
434 2348 480 2400 est
503 2344 638 2417 pecunia.
683 2342 836 2407 Addimus
867 2339 1023 2422 exempla,
1057 2341 1111 2406 ubi
1144 2340 1263 2421 pendet
1292 2335 1332 2403 ab

180 2455 250 2500 usus
277 2443 321 2500 est
349 2436 506 2502 ablativus
533 2438 692 2519 participii
719 2439 852 2519 perfecti
879 2440 1012 2520 passivi,
1045 2443 1102 2504 aut
1129 2436 1274 2503 absolute
1300 2435 1332 2499 iu

182 2553 298 2615 genere
320 2541 434 2601 neutro
458 2535 627 2616 singularis
649 2537 774 2617 positus
796 2542 853 2603 aut
875 2539 1061 2604 coniunctus
1083 2553 1154 2602 cum
1185 2533 1333 2600 substan-

182 2633 257 2697 tivo.
304 2631 537 2714 cist.1,2,10:
561 2639 674 2696 Tacere
697 2654 812 2711 nequeo
835 2639 954 2711 misera,
978 2639 1055 2715 quod
1078 2637 1165 2698 tacito
1186 2652 1259 2696 usus
1280 2638 1330 2693 est.

180 2729 294 2811 Amph.
318 2731 343 2812 I,
368 2737 396 2798 3.
421 2737 454 2796 7:
490 2735 585 2794 Citius
613 2733 690 2809 quod
713 2751 771 2794 non
795 2735 901 2806 factost
921 2751 992 2796 osus
1021 2736 1056 2796 fit
1078 2751 1164 2811 quam
1188 2731 1267 2808 quod
1289 2727 1332 2790 ia·

181 2840 260 2892 ctost
283 2850 365 2908 opus.
409 2829 493 2895 Men.
516 2830 553 2910 V,
577 2835 606 2910 2,
632 2835 663 2894 1:
697 2833 739 2893 Ut
768 2840 851 2893 aetas
878 2839 975 2894 meast
1001 2839 1090 2909 atque
1118 2832 1151 2891 ut
1177 2829 1233 2891 hoc
1261 2845 1333 2889 usas

183 2929 298 3001 factost,
321 2927 375 2991 ubi
398 2931 453 2991 hoa
474 2928 577 3008 possit
599 2928 695 2992 etiam
717 2927 876 2994 ablativus
900 2945 986 3010 esse,
1010 2928 1067 2994 sed
1089 2925 1235 3008 analogia
1259 2939 1331 2990 sua·

178 3024 243 3104 det,
266 3030 304 3090 ut
325 3025 554 3090 nominativum
576 3025 683 3106 potius
706 3031 893 3091 statuamus.
930 3025 1046 3091 Bacch.
1062 3024 1119 3106 IV,
1134 3029 1164 3102 4,
1180 3027 1237 3089 97:
1261 3026 1332 3100 quid

176 3125 242 3185 a'stt's
268 3126 306 3187 ad
332 3128 430 3186 istunc
456 3130 556 3186 assuat
581 3127 753 3200 consumtis
778 3127 896 3188 modum
918 3125 983 3185 -l
1027 3121 1142 3188 Pseud.
1165 3120 1192 3202 Ι,
1223 3127 1248 3197 l,
1274 3123 1330 3185 48:

179 3223 272 3296 Quam
297 3226 394 3285 subito
417 3228 538 3299 arpenta
560 3225 600 3283 mi
621 3241 707 3285 ussus
727 3225 845 3284 invento
866 3225 928 3285 stet.
972 3221 1100 3286 Terent.
1125 3219 1202 3286 Hec.
1219 3217 1278 3297 Ill,
1298 3221 1331 3297 i,

176 3325 231 3385 47:
269 3339 328 3382 nou
356 3339 427 3384 osas
449 3323 557 3396 factost
576 3323 649 3381 mihi
672 3339 750 3382 nnnc
773 3323 851 3383 huuc
873 3325 954 3383 intuo
977 3321 1068 3396 sequi.
1113 3316 1247 3400 Adelph.
1271 3313 1329 3396 Ill,

178 3422 206 3498 3,
231 3421 288 3482 75:
312 3427 343 3480 et
364 3439 470 3482 moneo
493 3421 563 3497 quid
585 3419 665 3492 facto
686 3435 757 3480 usas
778 3421 825 3480 stt.
870 3417 947 3482 Hec.
964 3413 1001 3495 V,
1017 3423 1047 3497 4,
1069 3419 1125 3481 38:
1147 3419 1194 3478 Au
1216 3425 1330 3478 temera

178 3519 332 3594 quicquam
356 3519 501 3579 Parmeno
524 3523 698 3594 praetereat
719 3519 797 3593 quod
817 3517 899 3590 socio
920 3533 992 3578 asoa
1013 3517 1073 3578 ait?

261 3613 367 3678 Etiam
390 3633 462 3690 opas
484 3620 527 3677 est
546 3613 749 3695 coniungitur
772 3629 841 3678 cum
865 3610 927 3678 ubl.
953 3611 1172 3690 instrumenti,
1205 3625 1278 3676 uam
1303 3609 1331 3676 sl

122 3704 124 3709 ’
177 3711 295 3776 dicitur
316 3731 389 3788 opos
411 3719 455 3776 est
475 3714 577 3787 ιιῑὶιιια
599 3731 647 3781 rc,
668 3711 715 3775 ita
738 3709 797 3776 hoc
820 3712 989 3793 cogitatur,
1012 3709 1104 3791 quasi
1125 3709 1264 3791 positum
1287 3711 1329 3774 sit

177 3827 249 3884 opas
270 3813 306 3885 fit
326 3813 387 3873 aaa
409 3813 563 3885 conficitur
585 3809 689 3885 alinea
711 3827 752 3872 re.
797 3809 938 3874 Naevius
959 3807 997 3872 ir.
1020 3809 1079 3873 inc.
1102 3812 1183 3887 trag.
1207 3811 1243 3871 9:
1269 3807 1330 3868 No·

175 3911 282 3969 minem
305 3911 365 3970 vidi
388 3911 437 3985 qui
460 3927 583 3971 numero
607 3911 713 3984 sciret,
740 3924 827 3985 quam
851 3925 907 3982 qao
928 3909 1000 3970 sotto
1019 3911 1110 3983 opust.
1145 3903 1224 3968 Cato
1240 3903 1277 3967 R.
1293 3903 1329 3968 lc

176 4021 201 4069 c.
218 4009 253 4069 2:
277 4024 352 4082 quae
376 4023 448 4081 opus
470 4007 547 4068 dent
566 4007 667 4075 locata
689 4009 834 4068 locentur.
872 4005 910 4069 In
932 4003 1065 4083 talibus,
1088 4001 1143 4068 uhi
1164 3999 1224 4067 abl.
1247 4005 1330 4082 paui.

177 4101 256 4182 pert.
285 4119 369 4182 pass.
397 4103 429 4166 tn
457 4119 572 4184 genere
599 4108 713 4167 neutro
736 4102 861 4183 positus
885 4106 950 4178 ast,
981 4101 1059 4166 itam
1086 4105 1123 4164 nt
1150 4099 1235 4180 apud
1257 4115 1330 4163 asoa

176 4205 226 4271 ost,
249 4199 309 4265 hoc
331 4199 535 4282 participium
565 4201 655 4280 quasi
684 4198 816 4265 ablativi
838 4195 984 4264 infinitivi
1011 4199 1121 4279 partes
1149 4196 1232 4277 agit,
1267 4197 1330 4262 vid.

176 4295 272 4362 Haas.
295 4295 336 4362 ad
356 4297 474 4378 Reisig.
497 4315 526 4379 p.
551 4301 624 4376 233,
647 4297 753 4363 adnot.
778 4301 849 4362 275.
895 4294 929 4360 O.
953 4299 1008 4363 38:
1042 4297 1074 4358 si
1101 4294 1214 4358 duobus
1236 4311 1325 4370 prae·
