<?xml version="1.0" encoding="UTF-8"?>
<!DOCTYPE html PUBLIC "-//W3C//DTD XHTML 1.0 Transitional//EN"
    "http://www.w3.org/TR/xhtml1/DTD/xhtml1-transitional.dtd">
<html xmlns="http://www.w3.org/1999/xhtml" xml:lang="en" lang="en">
 <head>
  <title>
</title>
<meta http-equiv="Content-Type" content="text/html;charset=utf-8" />
  <meta name='ocr-system' content='tesseract 3.04.00' />
  <meta name='ocr-capabilities' content='ocr_page ocr_carea ocr_par ocr_line ocrx_word'/>
</head>
<body>
  <div class='ocr_page' id='page_1' title='image "./syntaxispriscor01holtgoog_0052.png"; bbox 0 0 3040 4758; ppageno 0'>
   <div class='ocr_carea' id='block_1_1' title="bbox 485 303 1328 375">
    <p class='ocr_par' dir='ltr' id='par_1_1' title="bbox 485 303 1328 375">
     <span class='ocr_line' id='line_1_1' title="bbox 485 303 1328 375; baseline 0.009 -31"><span class='ocrx_word' id='word_1_1' title='bbox 485 303 572 344; x_wconf 70' lang='grc' dir='ltr'><strong>ΟΑΒΗΙ</strong></span> <span class='ocrx_word' id='word_1_2' title='bbox 588 303 855 346; x_wconf 72' lang='lat' dir='ltr'><strong>suassatt&#39;rrvosull.</strong></span> <span class='ocrx_word' id='word_1_3' title='bbox 870 326 894 336; x_wconf 98' lang='lat'>-</span> <span class='ocrx_word' id='word_1_4' title='bbox 908 306 1012 349; x_wconf 77' lang='lat' dir='ltr'><strong>ABLA&#39;I&#39;.</strong></span> <span class='ocrx_word' id='word_1_5' title='bbox 1288 315 1328 375; x_wconf 66' lang='lat'><strong>35</strong></span> 
     </span>
    </p>
   </div>
   <div class='ocr_carea' id='block_1_2' title="bbox 171 475 1333 1242">
    <p class='ocr_par' dir='ltr' id='par_1_2' title="bbox 171 475 1333 1242">
     <span class='ocr_line' id='line_1_2' title="bbox 171 475 1331 560; baseline 0.005 -18"><span class='ocrx_word' id='word_1_6' title='bbox 171 477 240 542; x_wconf 90' lang='lat' dir='ltr'><strong>eius</strong></span> <span class='ocrx_word' id='word_1_7' title='bbox 264 475 329 542; x_wconf 92' lang='lat' dir='ltr'><strong>iam</strong></span> <span class='ocrx_word' id='word_1_8' title='bbox 359 475 515 543; x_wconf 87' lang='lat' dir='ltr'><strong>adfinem</strong></span> <span class='ocrx_word' id='word_1_9' title='bbox 537 478 691 560; x_wconf 84' lang='lat' dir='ltr'><strong>perducta</strong></span> <span class='ocrx_word' id='word_1_10' title='bbox 713 478 841 542; x_wconf 88' lang='lat' dir='ltr'><strong>demum</strong></span> <span class='ocrx_word' id='word_1_11' title='bbox 863 478 990 559; x_wconf 90' lang='lat' dir='ltr'><strong>prodiit.</strong></span> <span class='ocrx_word' id='word_1_12' title='bbox 1020 477 1141 544; x_wconf 85' lang='lat' dir='ltr'><strong>Harum</strong></span> <span class='ocrx_word' id='word_1_13' title='bbox 1167 479 1263 545; x_wconf 89' lang='lat' dir='ltr'><strong>trium</strong></span> <span class='ocrx_word' id='word_1_14' title='bbox 1284 481 1331 548; x_wconf 92' lang='lat' dir='ltr'><strong>di·</strong></span> 
     </span>
     <span class='ocr_line' id='line_1_3' title="bbox 174 573 1331 657; baseline 0.004 -18"><span class='ocrx_word' id='word_1_15' title='bbox 174 575 376 640; x_wconf 87' lang='lat' dir='ltr'><strong>diversarum</strong></span> <span class='ocrx_word' id='word_1_16' title='bbox 405 575 496 657; x_wconf 90' lang='lat' dir='ltr'><strong>quasi</strong></span> <span class='ocrx_word' id='word_1_17' title='bbox 525 578 693 650; x_wconf 68' lang='lat' dir='ltr'><strong>samaram</strong></span> <span class='ocrx_word' id='word_1_18' title='bbox 721 573 811 640; x_wconf 81' lang='lat' dir='ltr'><strong>verbi</strong></span> <span class='ocrx_word' id='word_1_19' title='bbox 837 575 870 640; x_wconf 91' lang='lat' dir='ltr'><strong>in</strong></span> <span class='ocrx_word' id='word_1_20' title='bbox 901 575 1121 642; x_wconf 87' lang='lat' dir='ltr'><strong>enunciatione</strong></span> <span class='ocrx_word' id='word_1_21' title='bbox 1148 577 1251 643; x_wconf 89' lang='lat' dir='ltr'><strong>altera</strong></span> <span class='ocrx_word' id='word_1_22' title='bbox 1277 597 1331 644; x_wconf 84' lang='lat' dir='ltr'><strong>ex·</strong></span> 
     </span>
     <span class='ocr_line' id='line_1_4' title="bbox 174 672 1333 754; baseline 0.006 -18"><span class='ocrx_word' id='word_1_23' title='bbox 174 672 287 753; x_wconf 89' lang='lat' dir='ltr'><strong>primit</strong></span> <span class='ocrx_word' id='word_1_24' title='bbox 309 691 431 738; x_wconf 92' lang='lat' dir='ltr'><strong>meram</strong></span> <span class='ocrx_word' id='word_1_25' title='bbox 454 673 622 753; x_wconf 81' lang='lat' dir='ltr'><strong>actionem,</strong></span> <span class='ocrx_word' id='word_1_26' title='bbox 645 689 727 753; x_wconf 89' lang='lat' dir='ltr'><strong>quae</strong></span> <span class='ocrx_word' id='word_1_27' title='bbox 748 672 857 753; x_wconf 84' lang='lat' dir='ltr'>prodit</span> <span class='ocrx_word' id='word_1_28' title='bbox 878 674 1044 738; x_wconf 91' lang='lat' dir='ltr'><strong>voluntate</strong></span> <span class='ocrx_word' id='word_1_29' title='bbox 1066 672 1211 754; x_wconf 87' lang='lat' dir='ltr'><strong>subiecti,</strong></span> <span class='ocrx_word' id='word_1_30' title='bbox 1234 677 1333 742; x_wconf 86' lang='lat' dir='ltr'><strong>tertia</strong></span> 
     </span>
     <span class='ocr_line' id='line_1_5' title="bbox 173 769 1331 854; baseline 0.005 -20"><span class='ocrx_word' id='word_1_31' title='bbox 173 774 310 850; x_wconf 86' lang='lat' dir='ltr'><strong>statum,</strong></span> <span class='ocrx_word' id='word_1_32' title='bbox 333 770 374 835; x_wconf 88' lang='lat' dir='ltr'><strong>ad</strong></span> <span class='ocrx_word' id='word_1_33' title='bbox 396 787 490 851; x_wconf 89' lang='lat' dir='ltr'><strong>quem</strong></span> <span class='ocrx_word' id='word_1_34' title='bbox 513 771 680 853; x_wconf 89' lang='lat' dir='ltr'><strong>pervenire</strong></span> <span class='ocrx_word' id='word_1_35' title='bbox 702 770 803 836; x_wconf 88' lang='lat' dir='ltr'><strong>voluit</strong></span> <span class='ocrx_word' id='word_1_36' title='bbox 826 769 1003 836; x_wconf 88' lang='lat' dir='ltr'><strong>subiectum</strong></span> <span class='ocrx_word' id='word_1_37' title='bbox 1027 775 1060 835; x_wconf 88' lang='lat' dir='ltr'><strong>et</strong></span> <span class='ocrx_word' id='word_1_38' title='bbox 1081 789 1196 836; x_wconf 86' lang='lat' dir='ltr'><strong>revera</strong></span> <span class='ocrx_word' id='word_1_39' title='bbox 1216 791 1331 854; x_wconf 84' lang='lat' dir='ltr'><strong>perve-</strong></span> 
     </span>
     <span class='ocr_line' id='line_1_6' title="bbox 173 865 1332 949; baseline 0.006 -19"><span class='ocrx_word' id='word_1_40' title='bbox 173 866 230 946; x_wconf 85' lang='lat' dir='ltr'><strong>nit,</strong></span> <span class='ocrx_word' id='word_1_41' title='bbox 254 867 359 949; x_wconf 89' lang='lat' dir='ltr'><strong>prima</strong></span> <span class='ocrx_word' id='word_1_42' title='bbox 380 867 414 933; x_wconf 90' lang='lat' dir='ltr'><strong>id</strong></span> <span class='ocrx_word' id='word_1_43' title='bbox 436 868 522 948; x_wconf 87' lang='lat' dir='ltr'><strong>quod</strong></span> <span class='ocrx_word' id='word_1_44' title='bbox 543 867 646 949; x_wconf 92' lang='lat' dir='ltr'><strong>primo</strong></span> <span class='ocrx_word' id='word_1_45' title='bbox 669 873 800 948; x_wconf 90' lang='lat' dir='ltr'><strong>aspectu</strong></span> <span class='ocrx_word' id='word_1_46' title='bbox 821 868 855 932; x_wconf 92' lang='lat' dir='ltr'><strong>in</strong></span> <span class='ocrx_word' id='word_1_47' title='bbox 878 867 1021 933; x_wconf 87' lang='lat' dir='ltr'><strong>subiecto</strong></span> <span class='ocrx_word' id='word_1_48' title='bbox 1042 865 1112 932; x_wconf 91' lang='lat' dir='ltr'><strong>fieri</strong></span> <span class='ocrx_word' id='word_1_49' title='bbox 1134 869 1332 936; x_wconf 88' lang='lat' dir='ltr'><strong>animadver-</strong></span> 
     </span>
     <span class='ocr_line' id='line_1_7' title="bbox 172 965 1333 1056; baseline 0.003 -26"><span class='ocrx_word' id='word_1_50' title='bbox 172 965 262 1043; x_wconf 81' lang='lat' dir='ltr'><strong>titur,</strong></span> <span class='ocrx_word' id='word_1_51' title='bbox 285 965 333 1030; x_wconf 93' lang='lat' dir='ltr'><strong>ita</strong></span> <span class='ocrx_word' id='word_1_52' title='bbox 347 970 385 1031; x_wconf 91' lang='lat' dir='ltr'><strong>ut</strong></span> <span class='ocrx_word' id='word_1_53' title='bbox 399 966 538 1030; x_wconf 91' lang='lat' dir='ltr'><strong>nondum</strong></span> <span class='ocrx_word' id='word_1_54' title='bbox 554 965 713 1047; x_wconf 85' lang='lat' dir='ltr'><strong>cogitetur</strong></span> <span class='ocrx_word' id='word_1_55' title='bbox 734 965 773 1032; x_wconf 90' lang='lat' dir='ltr'><strong>de</strong></span> <span class='ocrx_word' id='word_1_56' title='bbox 793 965 917 1032; x_wconf 86' lang='lat' dir='ltr'><strong>actione</strong></span> <span class='ocrx_word' id='word_1_57' title='bbox 936 982 1144 1056; x_wconf 21' lang='lat' dir='ltr'><strong>praegressa..</strong></span> <span class='ocrx_word' id='word_1_58' title='bbox 1175 966 1213 1031; x_wconf 94' lang='lat' dir='ltr'><strong>ln</strong></span> <span class='ocrx_word' id='word_1_59' title='bbox 1235 967 1333 1033; x_wconf 87' lang='lat' dir='ltr'><strong>tertia</strong></span> 
     </span>
     <span class='ocr_line' id='line_1_8' title="bbox 171 1061 1333 1143; baseline 0.004 -18"><span class='ocrx_word' id='word_1_60' title='bbox 171 1061 276 1128; x_wconf 83' lang='lat' dir='ltr'><strong>forma</strong></span> <span class='ocrx_word' id='word_1_61' title='bbox 298 1062 427 1130; x_wconf 91' lang='lat' dir='ltr'><strong>habitus</strong></span> <span class='ocrx_word' id='word_1_62' title='bbox 451 1066 484 1128; x_wconf 91' lang='lat' dir='ltr'><strong>et</strong></span> <span class='ocrx_word' id='word_1_63' title='bbox 508 1063 591 1128; x_wconf 89' lang='lat' dir='ltr'><strong>actio</strong></span> <span class='ocrx_word' id='word_1_64' title='bbox 616 1062 701 1128; x_wconf 88' lang='lat' dir='ltr'><strong>inter</strong></span> <span class='ocrx_word' id='word_1_65' title='bbox 723 1081 758 1129; x_wconf 86' lang='lat' dir='ltr'><strong>se</strong></span> <span class='ocrx_word' id='word_1_66' title='bbox 781 1063 963 1142; x_wconf 90' lang='lat' dir='ltr'><strong>coniuncta,</strong></span> <span class='ocrx_word' id='word_1_67' title='bbox 993 1061 1027 1126; x_wconf 92' lang='lat' dir='ltr'><strong>iu</strong></span> <span class='ocrx_word' id='word_1_68' title='bbox 1048 1061 1152 1143; x_wconf 89' lang='lat' dir='ltr'><strong>prima</strong></span> <span class='ocrx_word' id='word_1_69' title='bbox 1175 1065 1333 1130; x_wconf 88' lang='lat' dir='ltr'><strong>etaltera</strong></span> 
     </span>
     <span class='ocr_line' id='line_1_9' title="bbox 173 1159 626 1242; baseline 0.007 -19"><span class='ocrx_word' id='word_1_70' title='bbox 173 1159 348 1226; x_wconf 81' lang='lat' dir='ltr'><strong>etiamnum</strong></span> <span class='ocrx_word' id='word_1_71' title='bbox 370 1166 521 1242; x_wconf 89' lang='lat' dir='ltr'><strong>separata</strong></span> <span class='ocrx_word' id='word_1_72' title='bbox 543 1167 626 1226; x_wconf 90' lang='lat' dir='ltr'><strong>sunt.</strong></span> 
     </span>
    </p>
   </div>
   <div class='ocr_carea' id='block_1_3' title="bbox 262 1257 1437 1340">
    <p class='ocr_par' dir='ltr' id='par_1_3' title="bbox 262 1257 1437 1340">
     <span class='ocr_line' id='line_1_10' title="bbox 262 1257 1437 1340; baseline 0.005 -18"><span class='ocrx_word' id='word_1_73' title='bbox 262 1257 357 1335; x_wconf 83' lang='lat' dir='ltr'><strong>Quod</strong></span> <span class='ocrx_word' id='word_1_74' title='bbox 379 1259 406 1324; x_wconf 89' lang='lat' dir='ltr'><strong>si</strong></span> <span class='ocrx_word' id='word_1_75' title='bbox 428 1259 560 1324; x_wconf 90' lang='lat' dir='ltr'><strong>verbum</strong></span> <span class='ocrx_word' id='word_1_76' title='bbox 584 1259 615 1323; x_wconf 93' lang='lat' dir='ltr'><strong>in</strong></span> <span class='ocrx_word' id='word_1_77' title='bbox 640 1257 743 1340; x_wconf 91' lang='lat' dir='ltr'><strong>prima</strong></span> <span class='ocrx_word' id='word_1_78' title='bbox 765 1257 866 1323; x_wconf 89' lang='lat' dir='ltr'><strong>forma</strong></span> <span class='ocrx_word' id='word_1_79' title='bbox 888 1257 1028 1338; x_wconf 86' lang='lat' dir='ltr'><strong>positum</strong></span> <span class='ocrx_word' id='word_1_80' title='bbox 1048 1261 1107 1337; x_wconf 85' lang='lat' dir='ltr'><strong>est,</strong></span> <span class='ocrx_word' id='word_1_81' title='bbox 1130 1257 1176 1322; x_wconf 85' lang='lat' dir='ltr'><strong>ita</strong></span> <span class='ocrx_word' id='word_1_82' title='bbox 1198 1261 1234 1322; x_wconf 89' lang='lat' dir='ltr'><strong>ut</strong></span> <span class='ocrx_word' id='word_1_83' title='bbox 1254 1259 1332 1323; x_wconf 92' lang='lat' dir='ltr'><strong>nihil</strong></span> <span class='ocrx_word' id='word_1_84' title='bbox 1435 1323 1437 1328; x_wconf 82' lang='grc'><strong>,</strong></span> 
     </span>
    </p>
   </div>
   <div class='ocr_carea' id='block_1_4' title="bbox 171 1353 1349 4402">
    <p class='ocr_par' dir='ltr' id='par_1_4' title="bbox 171 1353 1341 3192">
     <span class='ocr_line' id='line_1_11' title="bbox 174 1353 1332 1434; baseline 0.001 -14"><span class='ocrx_word' id='word_1_85' title='bbox 174 1355 236 1421; x_wconf 92' lang='lat' dir='ltr'><strong>nisi</strong></span> <span class='ocrx_word' id='word_1_86' title='bbox 266 1360 386 1421; x_wconf 88' lang='lat' dir='ltr'><strong>statum</strong></span> <span class='ocrx_word' id='word_1_87' title='bbox 408 1362 442 1422; x_wconf 87' lang='lat' dir='ltr'><strong>ct</strong></span> <span class='ocrx_word' id='word_1_88' title='bbox 470 1356 614 1422; x_wconf 91' lang='lat' dir='ltr'><strong>habitum</strong></span> <span class='ocrx_word' id='word_1_89' title='bbox 636 1356 771 1422; x_wconf 86' lang='lat' dir='ltr'><strong>subiecti</strong></span> <span class='ocrx_word' id='word_1_90' title='bbox 799 1353 1070 1434; x_wconf 87' lang='lat' dir='ltr'><strong>animadversum,</strong></span> <span class='ocrx_word' id='word_1_91' title='bbox 1104 1354 1221 1421; x_wconf 89' lang='lat' dir='ltr'><strong>nullius</strong></span> <span class='ocrx_word' id='word_1_92' title='bbox 1251 1355 1332 1422; x_wconf 88' lang='lat' dir='ltr'><strong>alius</strong></span> 
     </span>
     <span class='ocr_line' id='line_1_12' title="bbox 175 1451 1333 1534; baseline -0.002 -15"><span class='ocrx_word' id='word_1_93' title='bbox 175 1453 379 1534; x_wconf 84' lang='lat' dir='ltr'><strong>cogitationis</strong></span> <span class='ocrx_word' id='word_1_94' title='bbox 400 1453 524 1519; x_wconf 87' lang='lat' dir='ltr'><strong>ratione</strong></span> <span class='ocrx_word' id='word_1_95' title='bbox 546 1454 666 1534; x_wconf 90' lang='lat' dir='ltr'><strong>habita,</strong></span> <span class='ocrx_word' id='word_1_96' title='bbox 689 1453 855 1533; x_wconf 82' lang='lat' dir='ltr'><strong>exprimat,</strong></span> <span class='ocrx_word' id='word_1_97' title='bbox 879 1468 918 1516; x_wconf 88' lang='lat' dir='ltr'><strong>ea</strong></span> <span class='ocrx_word' id='word_1_98' title='bbox 937 1468 1018 1531; x_wconf 89' lang='lat' dir='ltr'><strong>quac</strong></span> <span class='ocrx_word' id='word_1_99' title='bbox 1037 1451 1200 1517; x_wconf 89' lang='lat' dir='ltr'><strong>adduntur</strong></span> <span class='ocrx_word' id='word_1_100' title='bbox 1214 1453 1333 1517; x_wconf 90' lang='lat' dir='ltr'><strong>nullam</strong></span> 
     </span>
     <span class='ocr_line' id='line_1_13' title="bbox 173 1548 1333 1640; baseline -0.002 -23"><span class='ocrx_word' id='word_1_101' title='bbox 173 1551 269 1617; x_wconf 88' lang='lat' dir='ltr'><strong>aliam</strong></span> <span class='ocrx_word' id='word_1_102' title='bbox 292 1552 355 1617; x_wconf 87' lang='lat' dir='ltr'><strong>vim</strong></span> <span class='ocrx_word' id='word_1_103' title='bbox 379 1550 497 1617; x_wconf 88' lang='lat' dir='ltr'><strong>habere</strong></span> <span class='ocrx_word' id='word_1_104' title='bbox 519 1558 656 1633; x_wconf 90' lang='lat' dir='ltr'><strong>possunt</strong></span> <span class='ocrx_word' id='word_1_105' title='bbox 675 1551 738 1616; x_wconf 90' lang='lat' dir='ltr'><strong>nisi</strong></span> <span class='ocrx_word' id='word_1_106' title='bbox 759 1549 856 1628; x_wconf 89' lang='lat' dir='ltr'><strong>hauc,</strong></span> <span class='ocrx_word' id='word_1_107' title='bbox 884 1553 921 1612; x_wconf 91' lang='lat' dir='ltr'><strong>ut</strong></span> <span class='ocrx_word' id='word_1_108' title='bbox 943 1553 1048 1612; x_wconf 86' lang='lat' dir='ltr'><strong>status</strong></span> <span class='ocrx_word' id='word_1_109' title='bbox 1070 1548 1124 1613; x_wconf 88' lang='lat' dir='ltr'><strong>ille</strong></span> <span class='ocrx_word' id='word_1_110' title='bbox 1145 1549 1243 1640; x_wconf 67' lang='lat' dir='ltr'><strong>pariis</strong></span> <span class='ocrx_word' id='word_1_111' title='bbox 1265 1567 1333 1615; x_wconf 93' lang='lat' dir='ltr'><strong>mo·</strong></span> 
     </span>
     <span class='ocr_line' id='line_1_14' title="bbox 174 1645 1333 1730; baseline -0.002 -16"><span class='ocrx_word' id='word_1_112' title='bbox 174 1649 223 1714; x_wconf 90' lang='lat' dir='ltr'><strong>dis</strong></span> <span class='ocrx_word' id='word_1_113' title='bbox 249 1649 381 1730; x_wconf 90' lang='lat' dir='ltr'><strong>clarius,</strong></span> <span class='ocrx_word' id='word_1_114' title='bbox 402 1649 599 1730; x_wconf 70' lang='lat' dir='ltr'><strong>accuratim,</strong></span> <span class='ocrx_word' id='word_1_115' title='bbox 622 1648 802 1714; x_wconf 86' lang='lat' dir='ltr'><strong>distinctius</strong></span> <span class='ocrx_word' id='word_1_116' title='bbox 825 1645 1033 1710; x_wconf 84' lang='lat' dir='ltr'><strong>adumbretur</strong></span> <span class='ocrx_word' id='word_1_117' title='bbox 1062 1650 1096 1710; x_wconf 91' lang='lat' dir='ltr'><strong>et</strong></span> <span class='ocrx_word' id='word_1_118' title='bbox 1122 1645 1333 1712; x_wconf 88' lang='lat' dir='ltr'><strong>describatur.</strong></span> 
     </span>
     <span class='ocr_line' id='line_1_15' title="bbox 173 1743 1335 1824; baseline -0.003 -12"><span class='ocrx_word' id='word_1_119' title='bbox 173 1744 325 1812; x_wconf 87' lang='lat' dir='ltr'><strong>Efficitur</strong></span> <span class='ocrx_word' id='word_1_120' title='bbox 339 1751 448 1813; x_wconf 88' lang='lat' dir='ltr'><strong>autem</strong></span> <span class='ocrx_word' id='word_1_121' title='bbox 465 1745 526 1812; x_wconf 93' lang='lat' dir='ltr'><strong>hoc</strong></span> <span class='ocrx_word' id='word_1_122' title='bbox 545 1746 654 1812; x_wconf 91' lang='lat' dir='ltr'><strong>addito</strong></span> <span class='ocrx_word' id='word_1_123' title='bbox 674 1745 801 1810; x_wconf 89' lang='lat' dir='ltr'><strong>nomine</strong></span> <span class='ocrx_word' id='word_1_124' title='bbox 821 1743 854 1807; x_wconf 91' lang='lat' dir='ltr'><strong>in</strong></span> <span class='ocrx_word' id='word_1_125' title='bbox 869 1761 941 1805; x_wconf 82' lang='lat' dir='ltr'><strong>cosa</strong></span> <span class='ocrx_word' id='word_1_126' title='bbox 955 1745 1086 1806; x_wconf 80' lang='lat' dir='ltr'><strong>ablativo</strong></span> <span class='ocrx_word' id='word_1_127' title='bbox 1104 1743 1217 1824; x_wconf 88' lang='lat' dir='ltr'><strong>posito.</strong></span> <span class='ocrx_word' id='word_1_128' title='bbox 1252 1743 1335 1810; x_wconf 86' lang='lat' dir='ltr'><strong>Con·</strong></span> 
     </span>
     <span class='ocr_line' id='line_1_16' title="bbox 175 1838 1334 1922; baseline -0.005 -12"><span class='ocrx_word' id='word_1_129' title='bbox 175 1843 394 1910; x_wconf 88' lang='lat' dir='ltr'><strong>siderantibus</strong></span> <span class='ocrx_word' id='word_1_130' title='bbox 423 1849 531 1908; x_wconf 91' lang='lat' dir='ltr'><strong>autem</strong></span> <span class='ocrx_word' id='word_1_131' title='bbox 554 1842 645 1909; x_wconf 88' lang='lat' dir='ltr'><strong>nobis</strong></span> <span class='ocrx_word' id='word_1_132' title='bbox 669 1861 721 1922; x_wconf 88' lang='lat' dir='ltr'><strong>ea,</strong></span> <span class='ocrx_word' id='word_1_133' title='bbox 749 1857 831 1921; x_wconf 86' lang='lat' dir='ltr'><strong>quoe</strong></span> <span class='ocrx_word' id='word_1_134' title='bbox 854 1840 896 1906; x_wconf 89' lang='lat' dir='ltr'><strong>ad</strong></span> <span class='ocrx_word' id='word_1_135' title='bbox 917 1838 1062 1905; x_wconf 90' lang='lat' dir='ltr'><strong>habitum</strong></span> <span class='ocrx_word' id='word_1_136' title='bbox 1084 1840 1220 1906; x_wconf 89' lang='lat' dir='ltr'><strong>subiecti</strong></span> <span class='ocrx_word' id='word_1_137' title='bbox 1241 1857 1334 1906; x_wconf 92' lang='lat' dir='ltr'><strong>accu-</strong></span> 
     </span>
     <span class='ocr_line' id='line_1_17' title="bbox 171 1935 1334 2019; baseline -0.004 -12"><span class='ocrx_word' id='word_1_138' title='bbox 171 1943 277 2008; x_wconf 81' lang='lat' dir='ltr'><strong>ratius</strong></span> <span class='ocrx_word' id='word_1_139' title='bbox 290 1941 535 2008; x_wconf 89' lang='lat' dir='ltr'><strong>describcndum</strong></span> <span class='ocrx_word' id='word_1_140' title='bbox 547 1940 717 2018; x_wconf 88' lang='lat' dir='ltr'><strong>adduntur,</strong></span> <span class='ocrx_word' id='word_1_141' title='bbox 739 1937 835 2019; x_wconf 90' lang='lat' dir='ltr'><strong>paulo</strong></span> <span class='ocrx_word' id='word_1_142' title='bbox 848 1936 1039 2017; x_wconf 87' lang='lat' dir='ltr'><strong>accuratius,</strong></span> <span class='ocrx_word' id='word_1_143' title='bbox 1054 1935 1157 2018; x_wconf 92' lang='lat' dir='ltr'><strong>primo</strong></span> <span class='ocrx_word' id='word_1_144' title='bbox 1170 1936 1334 2004; x_wconf 90' lang='lat' dir='ltr'><strong>oculorum</strong></span> 
     </span>
     <span class='ocr_line' id='line_1_18' title="bbox 174 2033 1336 2115; baseline -0.005 -11"><span class='ocrx_word' id='word_1_145' title='bbox 174 2040 292 2106; x_wconf 91' lang='lat' dir='ltr'><strong>obtutu</strong></span> <span class='ocrx_word' id='word_1_146' title='bbox 314 2039 485 2104; x_wconf 88' lang='lat' dir='ltr'><strong>discrimen</strong></span> <span class='ocrx_word' id='word_1_147' title='bbox 512 2057 549 2103; x_wconf 90' lang='lat' dir='ltr'><strong>se</strong></span> <span class='ocrx_word' id='word_1_148' title='bbox 570 2035 666 2102; x_wconf 86' lang='lat' dir='ltr'><strong>offert</strong></span> <span class='ocrx_word' id='word_1_149' title='bbox 687 2035 771 2101; x_wconf 90' lang='lat' dir='ltr'><strong>inter</strong></span> <span class='ocrx_word' id='word_1_150' title='bbox 796 2033 878 2100; x_wconf 87' lang='lat' dir='ltr'><strong>tales</strong></span> <span class='ocrx_word' id='word_1_151' title='bbox 899 2051 967 2113; x_wconf 89' lang='lat' dir='ltr'><strong>res,</strong></span> <span class='ocrx_word' id='word_1_152' title='bbox 1001 2050 1083 2115; x_wconf 90' lang='lat' dir='ltr'><strong>quae</strong></span> <span class='ocrx_word' id='word_1_153' title='bbox 1111 2037 1230 2099; x_wconf 90' lang='lat' dir='ltr'><strong>autre</strong></span> <span class='ocrx_word' id='word_1_154' title='bbox 1258 2049 1336 2098; x_wconf 82' lang='lat' dir='ltr'><strong>vera</strong></span> 
     </span>
     <span class='ocr_line' id='line_1_19' title="bbox 174 2130 1336 2223; baseline -0.008 -20"><span class='ocrx_word' id='word_1_155' title='bbox 174 2141 232 2203; x_wconf 90' lang='lat' dir='ltr'><strong>aut</strong></span> <span class='ocrx_word' id='word_1_156' title='bbox 255 2135 449 2218; x_wconf 88' lang='lat' dir='ltr'><strong>cogitatione</strong></span> <span class='ocrx_word' id='word_1_157' title='bbox 478 2135 572 2202; x_wconf 90' lang='lat' dir='ltr'><strong>simul</strong></span> <span class='ocrx_word' id='word_1_158' title='bbox 599 2153 670 2203; x_wconf 92' lang='lat' dir='ltr'><strong>cum</strong></span> <span class='ocrx_word' id='word_1_159' title='bbox 699 2137 787 2199; x_wconf 88' lang='lat' dir='ltr'><strong>statu</strong></span> <span class='ocrx_word' id='word_1_160' title='bbox 809 2130 864 2195; x_wconf 92' lang='lat' dir='ltr'><strong>illo</strong></span> <span class='ocrx_word' id='word_1_161' title='bbox 886 2135 996 2195; x_wconf 83' lang='lat' dir='ltr'><strong>extant</strong></span> <span class='ocrx_word' id='word_1_162' title='bbox 1019 2130 1191 2196; x_wconf 84' lang='lat' dir='ltr'><strong>etiamnum</strong></span> <span class='ocrx_word' id='word_1_163' title='bbox 1214 2133 1249 2195; x_wconf 87' lang='lat' dir='ltr'><strong>et</strong></span> <span class='ocrx_word' id='word_1_164' title='bbox 1270 2146 1336 2223; x_wconf 68' lang='lat' dir='ltr'><strong>eas,</strong></span> 
     </span>
     <span class='ocr_line' id='line_1_20' title="bbox 174 2227 1338 2319; baseline -0.01 -17"><span class='ocrx_word' id='word_1_165' title='bbox 174 2253 257 2319; x_wconf 88' lang='lat' dir='ltr'><strong>quae</strong></span> <span class='ocrx_word' id='word_1_166' title='bbox 281 2239 357 2302; x_wconf 87' lang='lat' dir='ltr'><strong>ante</strong></span> <span class='ocrx_word' id='word_1_167' title='bbox 379 2235 468 2300; x_wconf 89' lang='lat' dir='ltr'><strong>illum</strong></span> <span class='ocrx_word' id='word_1_168' title='bbox 491 2234 631 2300; x_wconf 87' lang='lat' dir='ltr'><strong>luerunt.</strong></span> <span class='ocrx_word' id='word_1_169' title='bbox 670 2231 749 2297; x_wconf 89' lang='lat' dir='ltr'><strong>lllae</strong></span> <span class='ocrx_word' id='word_1_170' title='bbox 770 2247 833 2309; x_wconf 90' lang='lat' dir='ltr'><strong>ras,</strong></span> <span class='ocrx_word' id='word_1_171' title='bbox 856 2245 938 2308; x_wconf 87' lang='lat' dir='ltr'><strong>quae</strong></span> <span class='ocrx_word' id='word_1_172' title='bbox 963 2227 1076 2293; x_wconf 86' lang='lat' dir='ltr'><strong>eodem</strong></span> <span class='ocrx_word' id='word_1_173' title='bbox 1098 2231 1243 2308; x_wconf 88' lang='lat' dir='ltr'><strong>tempore</strong></span> <span class='ocrx_word' id='word_1_174' title='bbox 1265 2243 1338 2292; x_wconf 91' lang='lat' dir='ltr'><strong>cum</strong></span> 
     </span>
     <span class='ocr_line' id='line_1_21' title="bbox 178 2323 1338 2413; baseline -0.01 -13"><span class='ocrx_word' id='word_1_175' title='bbox 178 2339 264 2400; x_wconf 89' lang='lat' dir='ltr'><strong>statu</strong></span> <span class='ocrx_word' id='word_1_176' title='bbox 288 2336 412 2413; x_wconf 76' lang='lat' dir='ltr'><strong>exiam,</strong></span> <span class='ocrx_word' id='word_1_177' title='bbox 440 2331 562 2398; x_wconf 88' lang='lat' dir='ltr'><strong>iaciunt</strong></span> <span class='ocrx_word' id='word_1_178' title='bbox 583 2329 672 2396; x_wconf 92' lang='lat' dir='ltr'><strong>illum</strong></span> <span class='ocrx_word' id='word_1_179' title='bbox 695 2327 789 2409; x_wconf 88' lang='lat' dir='ltr'><strong>quasi</strong></span> <span class='ocrx_word' id='word_1_180' title='bbox 809 2323 939 2407; x_wconf 87' lang='lat' dir='ltr'><strong>plenum</strong></span> <span class='ocrx_word' id='word_1_181' title='bbox 960 2329 1058 2406; x_wconf 89' lang='lat' dir='ltr'><strong>atque</strong></span> <span class='ocrx_word' id='word_1_182' title='bbox 1079 2324 1255 2406; x_wconf 68' lang='lat' dir='ltr'><strong>integrum</strong></span> <span class='ocrx_word' id='word_1_183' title='bbox 1290 2323 1338 2389; x_wconf 86' lang='lat' dir='ltr'><strong>al·</strong></span> 
     </span>
     <span class='ocr_line' id='line_1_22' title="bbox 177 2421 1338 2511; baseline -0.009 -14"><span class='ocrx_word' id='word_1_184' title='bbox 177 2439 268 2498; x_wconf 83' lang='lat' dir='ltr'><strong>terne</strong></span> <span class='ocrx_word' id='word_1_185' title='bbox 291 2436 415 2511; x_wconf 88' lang='lat' dir='ltr'><strong>autem,</strong></span> <span class='ocrx_word' id='word_1_186' title='bbox 450 2447 504 2496; x_wconf 90' lang='lat' dir='ltr'><strong>eas</strong></span> <span class='ocrx_word' id='word_1_187' title='bbox 527 2428 612 2509; x_wconf 92' lang='lat' dir='ltr'><strong>dico,</strong></span> <span class='ocrx_word' id='word_1_188' title='bbox 641 2441 724 2508; x_wconf 84' lang='lat' dir='ltr'><strong>quae</strong></span> <span class='ocrx_word' id='word_1_189' title='bbox 746 2428 841 2490; x_wconf 88' lang='lat' dir='ltr'><strong>autea</strong></span> <span class='ocrx_word' id='word_1_190' title='bbox 864 2422 1055 2503; x_wconf 87' lang='lat' dir='ltr'><strong>extiterunt,</strong></span> <span class='ocrx_word' id='word_1_191' title='bbox 1085 2439 1213 2488; x_wconf 88' lang='lat' dir='ltr'><strong>causam</strong></span> <span class='ocrx_word' id='word_1_192' title='bbox 1245 2421 1338 2501; x_wconf 87' lang='lat' dir='ltr'><strong>quasi</strong></span> 
     </span>
     <span class='ocr_line' id='line_1_23' title="bbox 179 2518 1339 2601; baseline -0.011 -5"><span class='ocrx_word' id='word_1_193' title='bbox 179 2527 324 2596; x_wconf 83' lang='lat' dir='ltr'><strong>alliciunt</strong></span> <span class='ocrx_word' id='word_1_194' title='bbox 345 2528 433 2595; x_wconf 89' lang='lat' dir='ltr'><strong>illius</strong></span> <span class='ocrx_word' id='word_1_195' title='bbox 456 2531 561 2593; x_wconf 88' lang='lat' dir='ltr'><strong>status</strong></span> <span class='ocrx_word' id='word_1_196' title='bbox 583 2530 617 2591; x_wconf 86' lang='lat' dir='ltr'><strong>et</strong></span> <span class='ocrx_word' id='word_1_197' title='bbox 639 2523 804 2591; x_wconf 87' lang='lat' dir='ltr'><strong>declarant</strong></span> <span class='ocrx_word' id='word_1_198' title='bbox 826 2520 911 2586; x_wconf 91' lang='lat' dir='ltr'><strong>unde</strong></span> <span class='ocrx_word' id='word_1_199' title='bbox 933 2524 1024 2586; x_wconf 87' lang='lat' dir='ltr'><strong>ortus</strong></span> <span class='ocrx_word' id='word_1_200' title='bbox 1048 2519 1104 2601; x_wconf 86' lang='lat' dir='ltr'><strong>sit,</strong></span> <span class='ocrx_word' id='word_1_201' title='bbox 1137 2519 1184 2584; x_wconf 91' lang='lat' dir='ltr'><strong>ita</strong></span> <span class='ocrx_word' id='word_1_202' title='bbox 1209 2523 1247 2583; x_wconf 95' lang='lat' dir='ltr'><strong>ut</strong></span> <span class='ocrx_word' id='word_1_203' title='bbox 1268 2518 1339 2598; x_wconf 86' lang='lat' dir='ltr'><strong>ipse</strong></span> 
     </span>
     <span class='ocr_line' id='line_1_24' title="bbox 177 2613 1339 2707; baseline -0.012 -13"><span class='ocrx_word' id='word_1_204' title='bbox 177 2633 283 2694; x_wconf 87' lang='lat' dir='ltr'><strong>status</strong></span> <span class='ocrx_word' id='word_1_205' title='bbox 306 2625 506 2707; x_wconf 85' lang='lat' dir='ltr'><strong>intelligatur</strong></span> <span class='ocrx_word' id='word_1_206' title='bbox 533 2641 604 2690; x_wconf 88' lang='lat' dir='ltr'><strong>esse</strong></span> <span class='ocrx_word' id='word_1_207' title='bbox 631 2621 723 2704; x_wconf 90' lang='lat' dir='ltr'><strong>quasi</strong></span> <span class='ocrx_word' id='word_1_208' title='bbox 751 2634 947 2699; x_wconf 88' lang='lat' dir='ltr'><strong>consequeus</strong></span> <span class='ocrx_word' id='word_1_209' title='bbox 968 2615 1082 2681; x_wconf 90' lang='lat' dir='ltr'><strong>harum</strong></span> <span class='ocrx_word' id='word_1_210' title='bbox 1105 2633 1214 2683; x_wconf 89' lang='lat' dir='ltr'><strong>rerum</strong></span> <span class='ocrx_word' id='word_1_211' title='bbox 1235 2613 1339 2696; x_wconf 83' lang='lat' dir='ltr'><strong>iisque</strong></span> 
     </span>
     <span class='ocr_line' id='line_1_25' title="bbox 179 2713 1339 2804; baseline -0.013 -13"><span class='ocrx_word' id='word_1_212' title='bbox 179 2725 321 2792; x_wconf 86' lang='lat' dir='ltr'><strong>effectus.</strong></span> <span class='ocrx_word' id='word_1_213' title='bbox 364 2723 530 2804; x_wconf 87' lang='lat' dir='ltr'><strong>Utraeque</strong></span> <span class='ocrx_word' id='word_1_214' title='bbox 551 2739 604 2788; x_wconf 91' lang='lat' dir='ltr'><strong>res</strong></span> <span class='ocrx_word' id='word_1_215' title='bbox 623 2720 670 2787; x_wconf 89' lang='lat' dir='ltr'><strong>ita</strong></span> <span class='ocrx_word' id='word_1_216' title='bbox 690 2716 843 2783; x_wconf 86' lang='lat' dir='ltr'><strong>differunt</strong></span> <span class='ocrx_word' id='word_1_217' title='bbox 857 2714 943 2778; x_wconf 92' lang='lat' dir='ltr'><strong>inter</strong></span> <span class='ocrx_word' id='word_1_218' title='bbox 964 2729 999 2778; x_wconf 89' lang='lat' dir='ltr'><strong>sc</strong></span> <span class='ocrx_word' id='word_1_219' title='bbox 1017 2715 1055 2778; x_wconf 95' lang='lat' dir='ltr'><strong>ut</strong></span> <span class='ocrx_word' id='word_1_220' title='bbox 1069 2713 1160 2794; x_wconf 88' lang='lat' dir='ltr'><strong>quies</strong></span> <span class='ocrx_word' id='word_1_221' title='bbox 1179 2717 1213 2777; x_wconf 89' lang='lat' dir='ltr'><strong>et</strong></span> <span class='ocrx_word' id='word_1_222' title='bbox 1230 2715 1339 2776; x_wconf 88' lang='lat' dir='ltr'><strong>motus</strong></span> 
     </span>
     <span class='ocr_line' id='line_1_26' title="bbox 177 2805 1341 2905; baseline -0.014 -17"><span class='ocrx_word' id='word_1_223' title='bbox 177 2823 263 2901; x_wconf 87' lang='lat' dir='ltr'><strong>talis,</strong></span> <span class='ocrx_word' id='word_1_224' title='bbox 287 2841 350 2905; x_wconf 90' lang='lat' dir='ltr'><strong>quo</strong></span> <span class='ocrx_word' id='word_1_225' title='bbox 372 2821 502 2888; x_wconf 85' lang='lat' dir='ltr'><strong>habitus</strong></span> <span class='ocrx_word' id='word_1_226' title='bbox 524 2819 617 2901; x_wconf 90' lang='lat' dir='ltr'><strong>quasi</strong></span> <span class='ocrx_word' id='word_1_227' title='bbox 639 2816 766 2899; x_wconf 86' lang='lat' dir='ltr'><strong>quietus</strong></span> <span class='ocrx_word' id='word_1_228' title='bbox 789 2812 917 2879; x_wconf 88' lang='lat' dir='ltr'><strong>demum</strong></span> <span class='ocrx_word' id='word_1_229' title='bbox 939 2805 1085 2874; x_wconf 87' lang='lat' dir='ltr'><strong>allicitur.</strong></span> <span class='ocrx_word' id='word_1_230' title='bbox 1123 2807 1202 2875; x_wconf 88' lang='lat' dir='ltr'><strong>Illae</strong></span> <span class='ocrx_word' id='word_1_231' title='bbox 1223 2825 1277 2874; x_wconf 88' lang='lat' dir='ltr'><strong>res</strong></span> <span class='ocrx_word' id='word_1_232' title='bbox 1298 2806 1341 2872; x_wconf 89' lang='lat' dir='ltr'><strong>ad</strong></span> 
     </span>
     <span class='ocr_line' id='line_1_27' title="bbox 179 2905 1341 2996; baseline -0.017 -6"><span class='ocrx_word' id='word_1_233' title='bbox 179 2923 325 2990; x_wconf 89' lang='lat' dir='ltr'><strong>habitum</strong></span> <span class='ocrx_word' id='word_1_234' title='bbox 348 2919 529 2986; x_wconf 88' lang='lat' dir='ltr'><strong>accuratius</strong></span> <span class='ocrx_word' id='word_1_235' title='bbox 552 2912 784 2996; x_wconf 89' lang='lat' dir='ltr'><strong>designandum</strong></span> <span class='ocrx_word' id='word_1_236' title='bbox 806 2907 934 2974; x_wconf 87' lang='lat' dir='ltr'><strong>additae</strong></span> <span class='ocrx_word' id='word_1_237' title='bbox 955 2905 1150 2986; x_wconf 86' lang='lat' dir='ltr'><strong>respondent</strong></span> <span class='ocrx_word' id='word_1_238' title='bbox 1177 2906 1219 2971; x_wconf 87' lang='lat' dir='ltr'><strong>ad</strong></span> <span class='ocrx_word' id='word_1_239' title='bbox 1240 2906 1341 2971; x_wconf 87' lang='lat' dir='ltr'><strong>inter·</strong></span> 
     </span>
     <span class='ocr_line' id='line_1_28' title="bbox 178 3001 1339 3103; baseline -0.021 -15"><span class='ocrx_word' id='word_1_240' title='bbox 178 3019 381 3103; x_wconf 83' lang='lat' dir='ltr'><strong>rogationes:</strong></span> <span class='ocrx_word' id='word_1_241' title='bbox 414 3019 487 3080; x_wconf 76' lang='lat' dir='ltr'><strong>abi?</strong></span> <span class='ocrx_word' id='word_1_242' title='bbox 520 3015 659 3092; x_wconf 76' lang='lat' dir='ltr'><strong>quoodo?</strong></span> <span class='ocrx_word' id='word_1_243' title='bbox 692 3008 869 3088; x_wconf 73' lang='lat' dir='ltr'><strong>pooaodol,</strong></span> <span class='ocrx_word' id='word_1_244' title='bbox 903 3002 963 3068; x_wconf 85' lang='lat' dir='ltr'><strong>hae</strong></span> <span class='ocrx_word' id='word_1_245' title='bbox 991 3003 1032 3069; x_wconf 91' lang='lat' dir='ltr'><strong>ad</strong></span> <span class='ocrx_word' id='word_1_246' title='bbox 1053 3001 1339 3084; x_wconf 86' lang='lat' dir='ltr'><strong>interrogationes:</strong></span> 
     </span>
     <span class='ocr_line' id='line_1_29' title="bbox 179 3107 695 3192; baseline -0.019 -8"><span class='ocrx_word' id='word_1_247' title='bbox 179 3120 281 3184; x_wconf 74' lang='lat' dir='ltr'><strong>oadal</strong></span> <span class='ocrx_word' id='word_1_248' title='bbox 303 3137 339 3182; x_wconf 80' lang='lat' dir='ltr'><strong>aa</strong></span> <span class='ocrx_word' id='word_1_249' title='bbox 361 3118 440 3192; x_wconf 79' lang='lat' dir='ltr'><strong>qao?</strong></span> <span class='ocrx_word' id='word_1_250' title='bbox 463 3133 483 3177; x_wconf 87' lang='lat' dir='ltr'><strong>a</strong></span> <span class='ocrx_word' id='word_1_251' title='bbox 504 3116 581 3191; x_wconf 78' lang='lat' dir='ltr'><strong>pao?</strong></span> <span class='ocrx_word' id='word_1_252' title='bbox 603 3107 695 3176; x_wconf 88' lang='lat' dir='ltr'><strong>simil.</strong></span> 
     </span>
    </p>

    <p class='ocr_par' dir='ltr' id='par_1_5' title="bbox 181 3199 1349 4402">
     <span class='ocr_line' id='line_1_30' title="bbox 266 3199 1343 3280; baseline -0.017 0"><span class='ocrx_word' id='word_1_253' title='bbox 266 3214 421 3280; x_wconf 88' lang='lat' dir='ltr'><strong>Habitum</strong></span> <span class='ocrx_word' id='word_1_254' title='bbox 453 3217 560 3278; x_wconf 91' lang='lat' dir='ltr'><strong>autem</strong></span> <span class='ocrx_word' id='word_1_255' title='bbox 593 3208 683 3274; x_wconf 91' lang='lat' dir='ltr'><strong>illum</strong></span> <span class='ocrx_word' id='word_1_256' title='bbox 715 3202 851 3270; x_wconf 89' lang='lat' dir='ltr'><strong>subiecti</strong></span> <span class='ocrx_word' id='word_1_257' title='bbox 876 3199 1132 3267; x_wconf 82' lang='lat' dir='ltr'><strong>animadversum</strong></span> <span class='ocrx_word' id='word_1_258' title='bbox 1164 3213 1228 3261; x_wconf 93' lang='lat' dir='ltr'><strong>uou</strong></span> <span class='ocrx_word' id='word_1_259' title='bbox 1260 3212 1343 3278; x_wconf 86' lang='lat' dir='ltr'><strong>opus</strong></span> 
     </span>
     <span class='ocr_line' id='line_1_31' title="bbox 181 3297 1343 3396; baseline -0.022 -15"><span class='ocrx_word' id='word_1_260' title='bbox 181 3319 232 3381; x_wconf 89' lang='lat' dir='ltr'><strong>est</strong></span> <span class='ocrx_word' id='word_1_261' title='bbox 253 3310 447 3396; x_wconf 88' lang='lat' dir='ltr'><strong>praedicati,</strong></span> <span class='ocrx_word' id='word_1_262' title='bbox 482 3307 567 3390; x_wconf 89' lang='lat' dir='ltr'><strong>quod</strong></span> <span class='ocrx_word' id='word_1_263' title='bbox 594 3303 725 3387; x_wconf 90' lang='lat' dir='ltr'><strong>proprie</strong></span> <span class='ocrx_word' id='word_1_264' title='bbox 752 3299 884 3380; x_wconf 90' lang='lat' dir='ltr'><strong>dicitur,</strong></span> <span class='ocrx_word' id='word_1_265' title='bbox 917 3297 1020 3364; x_wconf 83' lang='lat' dir='ltr'><strong>forma</strong></span> <span class='ocrx_word' id='word_1_266' title='bbox 1047 3311 1234 3377; x_wconf 87' lang='lat' dir='ltr'><strong>expressum</strong></span> <span class='ocrx_word' id='word_1_267' title='bbox 1261 3308 1343 3374; x_wconf 86' lang='lat' dir='ltr'><strong>esse,</strong></span> 
     </span>
     <span class='ocr_line' id='line_1_32' title="bbox 181 3391 1344 3494; baseline -0.021 -15"><span class='ocrx_word' id='word_1_268' title='bbox 181 3415 293 3494; x_wconf 91' lang='lat' dir='ltr'><strong>potest</strong></span> <span class='ocrx_word' id='word_1_269' title='bbox 315 3409 411 3475; x_wconf 88' lang='lat' dir='ltr'><strong>etiam</strong></span> <span class='ocrx_word' id='word_1_270' title='bbox 434 3406 536 3471; x_wconf 87' lang='lat' dir='ltr'><strong>forma</strong></span> <span class='ocrx_word' id='word_1_271' title='bbox 558 3398 723 3478; x_wconf 89' lang='lat' dir='ltr'><strong>attributi,</strong></span> <span class='ocrx_word' id='word_1_272' title='bbox 756 3395 843 3478; x_wconf 89' lang='lat' dir='ltr'><strong>quod</strong></span> <span class='ocrx_word' id='word_1_273' title='bbox 864 3400 933 3460; x_wconf 93' lang='lat' dir='ltr'><strong>tum</strong></span> <span class='ocrx_word' id='word_1_274' title='bbox 954 3391 1025 3459; x_wconf 91' lang='lat' dir='ltr'><strong>fieri</strong></span> <span class='ocrx_word' id='word_1_275' title='bbox 1047 3391 1147 3473; x_wconf 89' lang='lat' dir='ltr'><strong>solet,</strong></span> <span class='ocrx_word' id='word_1_276' title='bbox 1181 3407 1253 3457; x_wconf 90' lang='lat' dir='ltr'><strong>cum</strong></span> <span class='ocrx_word' id='word_1_277' title='bbox 1279 3403 1344 3454; x_wconf 79' lang='lat' dir='ltr'><strong>non</strong></span> 
     </span>
     <span class='ocr_line' id='line_1_33' title="bbox 182 3484 1344 3586; baseline -0.019 -13"><span class='ocrx_word' id='word_1_278' title='bbox 182 3506 359 3586; x_wconf 80' lang='lat' dir='ltr'><strong>mutabilia,</strong></span> <span class='ocrx_word' id='word_1_279' title='bbox 381 3506 438 3571; x_wconf 91' lang='lat' dir='ltr'><strong>sed</strong></span> <span class='ocrx_word' id='word_1_280' title='bbox 453 3502 534 3568; x_wconf 80' lang='lat' dir='ltr'><strong>fixus</strong></span> <span class='ocrx_word' id='word_1_281' title='bbox 552 3506 585 3567; x_wconf 87' lang='lat' dir='ltr'><strong>et</strong></span> <span class='ocrx_word' id='word_1_282' title='bbox 599 3493 806 3565; x_wconf 89' lang='lat' dir='ltr'><strong>immutabilis</strong></span> <span class='ocrx_word' id='word_1_283' title='bbox 829 3492 997 3574; x_wconf 85' lang='lat' dir='ltr'><strong>cogitatur.</strong></span> <span class='ocrx_word' id='word_1_284' title='bbox 1027 3490 1097 3569; x_wconf 78' lang='lat' dir='ltr'><strong>Quo</strong></span> <span class='ocrx_word' id='word_1_285' title='bbox 1120 3486 1158 3554; x_wconf 87' lang='lat' dir='ltr'><strong>lit</strong></span> <span class='ocrx_word' id='word_1_286' title='bbox 1178 3492 1216 3553; x_wconf 89' lang='lat' dir='ltr'><strong>ut</strong></span> <span class='ocrx_word' id='word_1_287' title='bbox 1230 3484 1344 3553; x_wconf 85' lang='lat' dir='ltr'><strong>ablati·</strong></span> 
     </span>
     <span class='ocr_line' id='line_1_34' title="bbox 182 3587 1345 3686; baseline -0.02 -16"><span class='ocrx_word' id='word_1_288' title='bbox 182 3621 242 3672; x_wconf 76' lang='lat' dir='ltr'><strong>rus</strong></span> <span class='ocrx_word' id='word_1_289' title='bbox 267 3621 368 3686; x_wconf 89' lang='lat' dir='ltr'><strong>aequa</strong></span> <span class='ocrx_word' id='word_1_290' title='bbox 390 3599 557 3670; x_wconf 87' lang='lat' dir='ltr'><strong>adiectivis</strong></span> <span class='ocrx_word' id='word_1_291' title='bbox 580 3615 618 3662; x_wconf 91' lang='lat' dir='ltr'><strong>ac</strong></span> <span class='ocrx_word' id='word_1_292' title='bbox 639 3591 746 3660; x_wconf 89' lang='lat' dir='ltr'><strong>verbis</strong></span> <span class='ocrx_word' id='word_1_293' title='bbox 774 3589 848 3656; x_wconf 91' lang='lat' dir='ltr'><strong>addi</strong></span> <span class='ocrx_word' id='word_1_294' title='bbox 875 3589 994 3672; x_wconf 86' lang='lat' dir='ltr'><strong>possit,</strong></span> <span class='ocrx_word' id='word_1_295' title='bbox 1026 3587 1122 3652; x_wconf 91' lang='lat' dir='ltr'><strong>immo</strong></span> <span class='ocrx_word' id='word_1_296' title='bbox 1150 3601 1223 3650; x_wconf 87' lang='lat' dir='ltr'><strong>cum</strong></span> <span class='ocrx_word' id='word_1_297' title='bbox 1250 3595 1345 3649; x_wconf 83' lang='lat' dir='ltr'><strong>omns</strong></span> 
     </span>
     <span class='ocr_line' id='line_1_35' title="bbox 185 3679 1346 3782; baseline -0.021 -14"><span class='ocrx_word' id='word_1_298' title='bbox 185 3703 320 3770; x_wconf 83' lang='lat' dir='ltr'><strong>verbum</strong></span> <span class='ocrx_word' id='word_1_299' title='bbox 343 3698 553 3782; x_wconf 91' lang='lat' dir='ltr'><strong>compositum</strong></span> <span class='ocrx_word' id='word_1_300' title='bbox 575 3691 667 3776; x_wconf 90' lang='lat' dir='ltr'><strong>quasi</strong></span> <span class='ocrx_word' id='word_1_301' title='bbox 689 3687 825 3770; x_wconf 84' lang='lat' dir='ltr'><strong>cogitari</strong></span> <span class='ocrx_word' id='word_1_302' title='bbox 846 3687 949 3768; x_wconf 87' lang='lat' dir='ltr'><strong>possit</strong></span> <span class='ocrx_word' id='word_1_303' title='bbox 968 3705 1007 3753; x_wconf 85' lang='lat' dir='ltr'><strong>ex</strong></span> <span class='ocrx_word' id='word_1_304' title='bbox 1029 3683 1144 3766; x_wconf 87' lang='lat' dir='ltr'><strong>copula</strong></span> <span class='ocrx_word' id='word_1_305' title='bbox 1164 3679 1346 3748; x_wconf 78' lang='lat' dir='ltr'><strong>eductione</strong></span> 
     </span>
     <span class='ocr_line' id='line_1_36' title="bbox 185 3775 1347 3880; baseline -0.023 -13"><span class='ocrx_word' id='word_1_306' title='bbox 185 3799 344 3880; x_wconf 87' lang='lat' dir='ltr'><strong>adiectivi,</strong></span> <span class='ocrx_word' id='word_1_307' title='bbox 367 3797 408 3863; x_wconf 85' lang='lat' dir='ltr'><strong>ad</strong></span> <span class='ocrx_word' id='word_1_308' title='bbox 435 3797 516 3862; x_wconf 89' lang='lat' dir='ltr'><strong>banc</strong></span> <span class='ocrx_word' id='word_1_309' title='bbox 536 3795 661 3875; x_wconf 86' lang='lat' dir='ltr'><strong>partem</strong></span> <span class='ocrx_word' id='word_1_310' title='bbox 683 3783 784 3865; x_wconf 89' lang='lat' dir='ltr'><strong>verbi,</strong></span> <span class='ocrx_word' id='word_1_311' title='bbox 806 3802 889 3866; x_wconf 88' lang='lat' dir='ltr'><strong>quaa</strong></span> <span class='ocrx_word' id='word_1_312' title='bbox 910 3783 1066 3850; x_wconf 87' lang='lat' dir='ltr'><strong>adiectivo</strong></span> <span class='ocrx_word' id='word_1_313' title='bbox 1093 3775 1241 3857; x_wconf 88' lang='lat' dir='ltr'><strong>efficitur,</strong></span> <span class='ocrx_word' id='word_1_314' title='bbox 1263 3791 1347 3842; x_wconf 78' lang='lat' dir='ltr'><strong>ram·</strong></span> 
     </span>
     <span class='ocr_line' id='line_1_37' title="bbox 184 3872 1346 3978; baseline -0.022 -15"><span class='ocrx_word' id='word_1_315' title='bbox 184 3915 243 3978; x_wconf 92' lang='lat' dir='ltr'><strong>per</strong></span> <span class='ocrx_word' id='word_1_316' title='bbox 265 3899 391 3978; x_wconf 86' lang='lat' dir='ltr'><strong>spectat</strong></span> <span class='ocrx_word' id='word_1_317' title='bbox 417 3891 577 3960; x_wconf 80' lang='lat' dir='ltr'><strong>ablativus</strong></span> <span class='ocrx_word' id='word_1_318' title='bbox 597 3899 731 3965; x_wconf 86' lang='lat' dir='ltr'><strong>eamque</strong></span> <span class='ocrx_word' id='word_1_319' title='bbox 754 3879 936 3947; x_wconf 90' lang='lat' dir='ltr'><strong>accuratius</strong></span> <span class='ocrx_word' id='word_1_320' title='bbox 956 3877 1110 3946; x_wconf 87' lang='lat' dir='ltr'><strong>describit</strong></span> <span class='ocrx_word' id='word_1_321' title='bbox 1133 3879 1167 3940; x_wconf 85' lang='lat' dir='ltr'><strong>at</strong></span> <span class='ocrx_word' id='word_1_322' title='bbox 1188 3872 1346 3954; x_wconf 81' lang='lat' dir='ltr'><strong>designat</strong></span> 
     </span>
     <span class='ocr_line' id='line_1_38' title="bbox 185 3967 1348 4060; baseline -0.021 0"><span class='ocrx_word' id='word_1_323' title='bbox 185 3993 285 4060; x_wconf 79' lang='lat' dir='ltr'><strong>Addit</strong></span> <span class='ocrx_word' id='word_1_324' title='bbox 303 3991 470 4060; x_wconf 89' lang='lat' dir='ltr'><strong>Iacobsius</strong></span> <span class='ocrx_word' id='word_1_325' title='bbox 491 3989 555 4055; x_wconf 90' lang='lat' dir='ltr'><strong>iam</strong></span> <span class='ocrx_word' id='word_1_326' title='bbox 577 4006 597 4053; x_wconf 90' lang='lat' dir='ltr'><strong>a</strong></span> <span class='ocrx_word' id='word_1_327' title='bbox 618 3977 782 4052; x_wconf 84' lang='lat' dir='ltr'><strong>veteribus</strong></span> <span class='ocrx_word' id='word_1_328' title='bbox 806 3977 1021 4058; x_wconf 83' lang='lat' dir='ltr'><strong>grammaticis</strong></span> <span class='ocrx_word' id='word_1_329' title='bbox 1042 3971 1166 4042; x_wconf 77' lang='lat' dir='ltr'><strong>manis</strong></span> <span class='ocrx_word' id='word_1_330' title='bbox 1187 3967 1348 4052; x_wconf 84' lang='lat' dir='ltr'><strong>duplicem</strong></span> 
     </span>
     <span class='ocr_line' id='line_1_39' title="bbox 185 4066 1349 4158; baseline -0.023 -2"><span class='ocrx_word' id='word_1_331' title='bbox 185 4109 281 4158; x_wconf 88' lang='lat' dir='ltr'><strong>usum</strong></span> <span class='ocrx_word' id='word_1_332' title='bbox 303 4094 337 4156; x_wconf 87' lang='lat' dir='ltr'><strong>et</strong></span> <span class='ocrx_word' id='word_1_333' title='bbox 357 4069 506 4154; x_wconf 75' lang='lat' dir='ltr'><strong>naturm</strong></span> <span class='ocrx_word' id='word_1_334' title='bbox 533 4081 666 4152; x_wconf 86' lang='lat' dir='ltr'><strong>ablativi</strong></span> <span class='ocrx_word' id='word_1_335' title='bbox 695 4073 947 4145; x_wconf 81' lang='lat' dir='ltr'><strong>animadversam</strong></span> <span class='ocrx_word' id='word_1_336' title='bbox 974 4089 1066 4152; x_wconf 85' lang='lat' dir='ltr'><strong>esse,</strong></span> <span class='ocrx_word' id='word_1_337' title='bbox 1099 4072 1136 4135; x_wconf 87' lang='lat' dir='ltr'><strong>ut</strong></span> <span class='ocrx_word' id='word_1_338' title='bbox 1165 4085 1185 4134; x_wconf 84' lang='lat' dir='ltr'><strong>a</strong></span> <span class='ocrx_word' id='word_1_339' title='bbox 1210 4066 1349 4154; x_wconf 82' lang='lat' dir='ltr'><strong>Donato,</strong></span> 
     </span>
     <span class='ocr_line' id='line_1_40' title="bbox 186 4158 1348 4263; baseline -0.028 -5"><span class='ocrx_word' id='word_1_340' title='bbox 186 4187 325 4256; x_wconf 83' lang='lat' dir='ltr'><strong>Maximo</strong></span> <span class='ocrx_word' id='word_1_341' title='bbox 339 4183 516 4263; x_wconf 85' lang='lat' dir='ltr'><strong>Victorino,</strong></span> <span class='ocrx_word' id='word_1_342' title='bbox 540 4182 664 4263; x_wconf 83' lang='lat' dir='ltr'><strong>Aspero</strong></span> <span class='ocrx_word' id='word_1_343' title='bbox 686 4177 821 4256; x_wconf 88' lang='lat' dir='ltr'><strong>iuniore,</strong></span> <span class='ocrx_word' id='word_1_344' title='bbox 843 4168 898 4256; x_wconf 87' lang='lat' dir='ltr'><strong>qui</strong></span> <span class='ocrx_word' id='word_1_345' title='bbox 916 4168 1056 4238; x_wconf 80' lang='lat' dir='ltr'><strong>ablativo</strong></span> <span class='ocrx_word' id='word_1_346' title='bbox 1072 4183 1120 4247; x_wconf 87' lang='lat' dir='ltr'><strong>ea,</strong></span> <span class='ocrx_word' id='word_1_347' title='bbox 1143 4179 1239 4246; x_wconf 80' lang='lat' dir='ltr'><strong>quam</strong></span> <span class='ocrx_word' id='word_1_348' title='bbox 1261 4158 1348 4242; x_wconf 87' lang='lat' dir='ltr'><strong>prio·</strong></span> 
     </span>
     <span class='ocr_line' id='line_1_41' title="bbox 187 4257 1349 4402; baseline -0.025 -50"><span class='ocrx_word' id='word_1_349' title='bbox 187 4303 256 4354; x_wconf 88' lang='lat' dir='ltr'><strong>rem</strong></span> <span class='ocrx_word' id='word_1_350' title='bbox 277 4283 381 4368; x_wconf 89' lang='lat' dir='ltr'><strong>posui,</strong></span> <span class='ocrx_word' id='word_1_351' title='bbox 404 4277 635 4368; x_wconf 81' lang='lat' dir='ltr'><strong>significatione</strong></span> <span class='ocrx_word' id='word_1_352' title='bbox 648 4278 806 4358; x_wconf 83' lang='lat' dir='ltr'><strong>usurpato</strong></span> <span class='ocrx_word' id='word_1_353' title='bbox 827 4287 943 4337; x_wconf 88' lang='lat' dir='ltr'><strong>nomen</strong></span> <span class='ocrx_word' id='word_1_354' title='bbox 966 4264 1095 4350; x_wconf 82' lang='lat' dir='ltr'><strong>septimi</strong></span> <span class='ocrx_word' id='word_1_355' title='bbox 1109 4277 1203 4402; x_wconf 57' lang='lat' dir='ltr'><strong>emus</strong></span> <span class='ocrx_word' id='word_1_356' title='bbox 1224 4257 1349 4326; x_wconf 76' lang='lat' dir='ltr'><strong>namt</strong></span> 
     </span>
    </p>
   </div>
   <div class='ocr_carea' id='block_1_5' title="bbox 0 0 1542 4758">
    <p class='ocr_par' dir='ltr' id='par_1_6' title="bbox 0 0 1542 4758">
     <span class='ocr_line' id='line_1_42' title="bbox 0 0 1542 4758; baseline 0 0"><span class='ocrx_word' id='word_1_357' title='bbox 0 0 1542 4758; x_wconf 95' lang='lat' dir='ltr'><strong> </strong></span> 
     </span>
    </p>
   </div>
  </div>
 </body>
</html>
