3040 4758
208 284 246 338 10
650 273 803 312 sussrnur.
820 271 882 313 cle.
897 271 915 314 t.

207 462 235 524 q.
260 445 279 508 l.
304 444 418 509 Gronz
453 445 492 523 „l
515 462 542 508 e.
571 464 635 522 ego.
682 449 779 522 caput
806 463 863 526 pro
892 444 1018 510 bomine
1048 441 1231 506 usitatum.“
1277 442 1365 506 Asin.

206 542 247 620 ΙΙ,
271 548 301 621 4,
326 546 382 606 89;
417 544 534 603 Scibam
558 546 679 606 baiolo
702 547 939 618 capitalobodie
963 546 1124 603 Facturum
1148 543 1221 602 satis
1244 559 1300 616 pro
1322 543 1367 600 in-

206 644 291 701 iuria.
338 637 435 703 Stich.
460 639 498 717 V,
523 645 551 719 5,
577 644 633 704 10:
668 641 744 716 fugit
767 645 821 702 boo
842 645 966 702 libertas
997 644 1091 712 caprei.
1135 636 1232 702 Poen,
1255 634 1313 716 Ill,
1338 641 1367 716 3,

208 741 262 800 32:
286 739 377 811 capiti
395 742 493 798 oestro
508 741 584 798 istuc
609 741 735 814 quidem.
771 737 852 804 Rnd.
869 738 926 816 ΙΙΙ,
950 741 978 812 6,
1002 741 1056 799 47;
1078 738 1146 795 istic
1160 737 1251 808 copiti
1266 736 1367 795 dicito.

207 833 265 908 III,
289 837 318 913 2,
346 839 399 897 ll:
423 854 507 895 suum
527 869 570 879 -
591 844 690 910 caput,
707 863 751 883 ==
767 853 811 900 sc.
856 834 923 898 Mil.
947 833 1005 912 ΠΙ,
1032 838 1059 911 l,
1086 835 1160 894 131:
1189 835 1213 893 0
1237 832 1369 906 lepidum

208 941 307 1006 caput.
353 930 442 995 Pers.
467 931 508 1011 II,
532 937 561 1010 2,
586 937 618 995 2:
652 936 709 993 Ain
733 951 818 1007 vero,
842 935 1013 992 verbereum
1034 931 1143 1004 ceput?
1187 926 1301 990 Pseud.
1325 925 1370 995 ΙΙ,

207 1035 238 1107 4,
262 1034 318 1094 33:
357 1033 381 1090 si
408 1032 525 1105 quidem
553 1032 607 1089 boo
633 1033 712 1091 vivet
739 1035 839 1103 capot,
872 1028 902 1092 h.
927 1047 954 1092 e.
985 1045 1052 1108 ego.
1097 1024 1263 1088 Nonnullis
1290 1023 1370 1087 locis

208 1125 343 1189 materia
365 1126 484 1189 dicitur
506 1143 563 1205 pro
587 1126 698 1205 rebus,
735 1143 816 1206 quae
844 1144 883 1190 ex
905 1126 1040 1190 materia
1066 1122 1120 1187 illa
1148 1119 1370 1199 conficiuntur,

208 1224 297 1286 velut
320 1222 413 1286 Cure.
439 1222 476 1300 V,
501 1228 529 1300 2,
553 1228 588 1286 8:
623 1244 751 1302 gemma,
788 1223 818 1288 b.
843 1242 869 1289 e.
894 1223 1017 1287 anulus.
1060 1219 1151 1285 Oura.
1174 1219 1233 1296 III,
1257 1237 1286 1283 v.
1310 1221 1369 1281 40:

210 1324 327 1396 explevi
349 1329 428 1382 totas
452 1339 534 1381 ceres
557 1331 707 1397 quattuor,
731 1321 762 1385 h.
787 1339 814 1384 e.
839 1326 963 1385 ceratas
982 1319 1127 1395 tabellas
1151 1323 1184 1380 et
1206 1315 1320 1394 Amph.
1344 1315 1370 1393 Ι,

212 1423 239 1495 l,
265 1421 325 1480 185
346 1422 398 1481 est
413 1437 506 1479 cornu
525 1435 583 1498 pro
605 1419 730 1482 laterna
752 1437 878 1482 cornea.
924 1419 1053 1483 Terent.
1070 1415 1187 1478 Heaut.
1204 1413 1264 1492 ΙΙΙ,
1290 1419 1318 1492 3,
1336 1409 1370 1492 Ιξε

209 1519 265 1576 Vel
289 1519 355 1576 beri
378 1519 407 1576 in
430 1519 498 1576 cino
523 1537 609 1592 quam
631 1519 816 1578 inmodestus
840 1518 939 1592 fuisti,
972 1513 1002 1577 h.
1026 1531 1052 1578 e.
1076 1513 1161 1575 inter
1183 1511 1314 1591 pocula,
1338 1509 1373 1574 in

210 1613 361 1675 convivio.
406 1613 521 1676 Heaut.
545 1612 605 1691 ΙΙΙ,
633 1619 658 1691 1,
683 1618 714 1677 2;
740 1633 759 1674 a
780 1617 891 1689 pueris,
915 1612 945 1677 b.
970 1631 996 1676 e.
1020 1631 1040 1675 a
1061 1607 1208 1691 pueritia.

296 1707 412 1772 Rarius
427 1713 530 1773 totum
546 1708 696 1787 quiddam
712 1711 851 1788 positum
868 1716 926 1788 est,
950 1714 987 1774 ut
1008 1725 1083 1789 pars
1099 1705 1255 1785 quaedam
1276 1722 1373 1784 prae·

211 1805 304 1882 cipue
327 1805 394 1868 sive
417 1824 486 1883 res,
520 1823 601 1885 quae
625 1805 665 1869 ad
688 1812 791 1869 totum
815 1806 893 1869 illud
917 1805 1128 1885 qualicunque
1151 1803 1274 1866 ratione
1297 1819 1372 1883 per·

212 1902 300 1978 tinet,
325 1920 362 1965 eo
378 1899 583 1983 significetur.
619 1903 670 1968 Sic
684 1903 787 1967 Plaut.
809 1903 891 1967 Rud.
908 1903 966 1982 III,
984 1907 1013 1981 6,
1034 1907 1085 1965 11;
1108 1905 1222 1963 vicinus
1241 1902 1373 1969 Veneris,

211 1997 241 2060 b.
267 2015 293 2061 e.
318 1999 391 2062 aedi
413 2000 557 2064 Veneris,
603 2000 718 2079 Amph.
737 2001 762 2079 Ι,
790 2007 816 2078 1,
843 2005 902 2064 185
925 2005 1076 2062 Volcanus
1099 1999 1218 2064 dictum
1241 2003 1290 2060 cst
1312 2013 1372 2074 pro

212 2096 295 2174 igne,
317 2097 396 2158 item
419 2096 490 2160 Aul.
514 2097 556 2177 Π,
582 2103 609 2176 6,
638 2103 684 2162 10.
729 2097 810 2160 Rud.
834 2097 893 2176 ΙΙΙ,
916 2103 952 2175 4,
977 2103 1026 2160 54.
1052 2129 1094 2140 ν-
1116 2095 1183 2159 Mil.
1207 2094 1233 2173 Ι,
1260 2100 1291 2172 1,
1316 2098 1372 2156 22:

210 2193 379 2267 pluriorem
399 2198 578 2270 pleniorem,
613 2194 642 2258 h.
669 2213 695 2258 e.
725 2195 961 2275 gloriationum.
1007 2191 1178 2258 Referendi
1204 2191 1266 2255 buc
1296 2195 1371 2254 sunt

212 2289 309 2374 etiam
332 2308 442 2356 omnes
463 2291 486 2354 ii
509 2293 585 2371 loci,
621 2293 736 2374 quibus
761 2294 920 2367 Philippos
947 2308 1005 2371 pro
1028 2307 1156 2354 nummo
1188 2288 1241 2353 illo
1273 2303 1372 2351 aureo

211 2387 377 2468 Philippeo
406 2389 525 2453 dictum
557 2395 620 2469 est;
655 2409 717 2453 non
741 2389 811 2453 dico
835 2407 890 2452 eos
912 2388 1014 2466 locos,
1043 2386 1097 2450 ubi
1126 2385 1280 2450 vocabulo
1301 2387 1374 2444 Phe·-

211 2488 312 2561 lippos
336 2486 569 2551 substantivum
593 2488 736 2551 additum
761 2490 820 2565 est,
844 2491 881 2550 ut
900 2485 1048 2550 adiectivi
1068 2501 1201 2547 munere
1219 2481 1375 2562 fungatur

213 2584 288 2660 (quo
312 2585 453 2663 pertinet
474 2584 570 2647 etiam
591 2584 658 2649 Mil.
682 2584 741 2662 IV,
766 2590 802 2663 2,
827 2589 883 2662 70,
907 2583 962 2647 ubi
986 2580 1079 2647 codd.
1101 2581 1222 2646 habent
1244 2578 1374 2659 quidem

211 2685 356 2741 talentum
379 2683 574 2757 Philippium,
609 2681 665 2746 sed
696 2681 890 2746 Ritschelius
918 2681 1036 2746 retinet
1065 2679 1228 2758 vulgatam
1256 2695 1295 2741 ex
1323 2675 1373 2740 ed.

211 2778 311 2854 princ.
335 2778 510 2856 proiectam
534 2779 734 2856 Philippum),
765 2781 821 2844 sed
846 2798 916 2857 eos,
948 2777 1002 2841 ubi
1026 2777 1128 2840 solum
1151 2780 1202 2839 est
1223 2774 1374 2855 positum,

211 2873 266 2936 ubi
289 2894 350 2937 non
372 2882 422 2940 est
441 2882 547 2941 mente
568 2877 752 2941 addendum
775 2897 919 2951 nummus,
944 2873 1000 2938 sed
1024 2891 1082 2937 rex
1104 2877 1154 2938 est
1176 2873 1244 2952 ipse
1267 2872 1374 2934 dictus

211 2989 269 3051 pro
292 2991 431 3052 nummo,
454 2975 486 3037 in
510 2993 572 3054 quo
592 2979 642 3038 est
657 2974 728 3056 ejus
744 2975 861 3053 imago.
900 2972 982 3036 Sunt
1002 2977 1111 3035 autem
1132 2970 1179 3034 hi:
1202 2969 1296 3031 Pccn.
1314 2967 1373 3047 ΙΙΙ,

215 3076 241 3149 1,
266 3076 320 3134 55:
345 3081 497 3133 trecentos
520 3076 684 3147 Philippos.
731 3070 843 3135 Bacch.
860 3069 915 3147 IV,
932 3073 961 3146 8,
983 3071 1026 3131 27
1034 3089 1040 3132 :
1064 3071 1150 3129 Nunc
1171 3070 1229 3128 nisi
1252 3068 1374 3126 ducenti

210 3169 344 3241 Philippa·
363 3172 528 3229 redduntur
551 3171 631 3227 mibi.
681 3171 721 3230 38
745 3172 779 3230 et
802 3173 856 3231 78:
892 3169 1029 3227 ducentis
1058 3167 1213 3240 Philippis.
1257 3160 1373 3226 Bacch.

212 3267 244 3339 9,
269 3269 326 3326 74;
364 3268 506 3326 ducentos
530 3267 693 3340 Philippos.
739 3281 767 3328 v.
793 3269 833 3328 87
857 3280 918 3343 sq,
943 3269 977 3342 9,
1003 3267 1079 3326 127:
1115 3266 1205 3323 Binos
1229 3263 1375 3322 ducentos

210 3364 373 3435 Philippos.
419 3362 457 3440 V,
482 3368 510 3440 2,
536 3365 586 3425 64.
619 3397 656 3406 --
684 3362 748 3428 Mil.
773 3381 801 3425 v.
828 3367 887 3425 192
911 3382 943 3424 os
967 3365 1018 3425 est
1039 3360 1160 3423 dictum
1188 3375 1247 3438 pro
1269 3357 1376 3437 impu-

211 3455 329 3531 dentia,
352 3457 428 3521 item
451 3459 578 3523 Terent.
603 3459 683 3524 Eun.
706 3460 761 3540 IV,
787 3466 815 3538 7,
841 3464 880 3523 36
905 3469 952 3536 (os
976 3458 1105 3532 dorum).

298 3561 327 3618 7.
349 3553 484 3618 Praeter
507 3574 571 3635 eas,
594 3575 674 3635 quas
697 3576 795 3637 supra
817 3555 1148 3632 commemoravimus,
1173 3552 1268 3617 etiam
1292 3549 1376 3615 aliae

211 3653 322 3715 extant
344 3653 499 3729 rationes,
535 3654 650 3732 quibus
674 3655 874 3719 substantiva
897 3671 968 3717 cum
991 3651 1061 3716 aliis
1084 3651 1191 3715 verbis
1214 3645 1371 3728 appositis

211 3748 243 3812 in
267 3767 362 3812 unam
377 3751 538 3813 notionem
555 3751 799 3830 coniunguntur.
822 3750 963 3814 Primum
979 3750 1042 3814 huc
1057 3752 1206 3829 spectant
1219 3743 1377 3824 exempla,

211 3845 266 3911 ubi
288 3847 523 3910 substantivum
546 3865 618 3911 eum
641 3848 780 3912 ablativo
796 3848 877 3912 alius
901 3847 1093 3911 substantivi
1112 3845 1158 3909 ita
1173 3844 1377 3908 coniunctum

210 3949 274 4020 est,
311 3949 347 4007 ut
369 3963 441 4008 oum
466 3961 502 4007 eo
531 3945 563 4008 in
591 3963 685 4008 unam
714 3945 876 4009 notionem
907 3945 1075 4009 coalescat.
1121 3940 1183 4019 Qui
1213 3940 1374 4004 ablativus

209 4047 267 4102 aut
288 4041 350 4104 loci
373 4059 444 4104 esse
466 4047 573 4122 potest
595 4042 749 4120 originem
773 4043 963 4121 exprimens,
987 4046 1044 4104 aut
1066 4038 1239 4119 qualitatis

295 4139 327 4216 a)
350 4139 418 4200 Aac.
443 4141 498 4201 ioee'
520 4143 663 4216 oripiuem
686 4143 860 4214 eepruaevs.
905 4138 1037 4202 Taubm.
1063 4137 1103 4199 ad
1130 4135 1233 4200 Plaut.
1256 4130 1374 4197 Bacch.

209 4238 256 4317 II,
284 4243 318 4318 2,
349 4245 389 4304 53
412 4259 429 4302 e
453 4236 575 4300 Catone
598 4236 692 4300 affert
715 4241 870 4314 Syracusis
901 4241 1019 4310 soleae,
1059 4249 1140 4313 quae
1170 4236 1246 4296 sunt
1267 4228 1378 4294 soleae
