3040 4758
232 289 271 347 16
669 282 824 323 subarator.
839 281 903 322 GAP.
919 281 948 322 11.

228 457 361 530 lupinum
389 457 422 517 et
448 471 530 533 quae
559 458 633 518 sunt
659 453 756 520 huius
786 451 912 534 generis
942 450 1087 532 exempla
1114 449 1201 548 apud
1228 448 1387 516 catonem

228 551 353 615 similia.
397 550 493 614 Ennii
516 551 618 616 annal.
641 551 667 632 Ι,
690 571 719 616 v.
744 556 785 616 94
809 554 842 614 ct
865 553 921 614 95:

733 673 819 743 longe
843 667 1056 742 pulcherruma
1077 681 1206 740 praepes

439 765 540 824 Laeva
565 767 678 826 volavit
700 767 773 826 ocis.

230 875 323 955 adq.
351 875 372 940 l.
398 873 565 942 Columna:
604 879 747 958 „Multae
775 897 852 943 aves
883 875 978 942 simul
1007 895 1024 940 e
1053 874 1225 954 longinquo
1252 872 1390 937 Romulo

229 979 459 1054 apparuerunt,
483 991 618 1053 quarum
640 994 808 1039 numerum
833 993 905 1039 cum
920 975 948 1038 is
969 972 1097 1036 minime
1118 970 1316 1050 distinguere
1336 987 1391 1049 po·

229 1071 358 1147 tuisset,
391 1075 488 1150 pocta
511 1089 620 1136 omnes
648 1069 860 1153 συνεκδοχικῶς
886 1091 970 1134 avem
998 1067 1107 1133 dixit.“
1152 1067 1246 1144 Quod
1274 1067 1393 1148 probat

230 1168 325 1231 etiam
347 1166 473 1231 Merula
495 1168 632 1248 addens,
660 1188 758 1250 quum
780 1174 886 1233 autem
907 1166 1041 1246 propius
1063 1164 1290 1243 accessissent,
1314 1165 1392 1228 duo-

230 1264 330 1328 decim
352 1261 451 1329 iuisse
475 1265 627 1344 cognitas.
671 1266 775 1331 Plaut.
798 1265 865 1329 Mil.
889 1263 944 1344 IV,
969 1269 998 1344 3,
1021 1267 1058 1327 6:
1079 1271 1192 1327 vestem
1215 1265 1392 1324 muliebrem

230 1381 355 1423 omnem.
400 1361 526 1426 Terent.
549 1362 664 1427 Heaut.
685 1363 746 1443 III,
771 1371 798 1443 l,
820 1368 876 1428 43:
904 1366 1030 1425 ancillas
1053 1380 1153 1422 secum
1177 1361 1303 1422 adduxit
1324 1365 1392 1437 plus

231 1460 344 1534 decem,
369 1462 516 1522 Oneratas
539 1468 615 1522 ceste
637 1470 726 1538 atquo
749 1479 832 1522 auro.

316 1579 344 1638 2.
384 1574 434 1637 Ad
457 1575 590 1654 pluralis
618 1576 779 1639 notionem
804 1575 948 1656 proxime
970 1571 1094 1638 accedit
1115 1571 1286 1653 singularis
1315 1574 1392 1651 tum,

230 1688 377 1748 cumea,
411 1688 493 1751 quae
516 1673 695 1736 communia
717 1676 794 1736 sunt
815 1670 969 1750 plurium,
1003 1670 1036 1733 in
1061 1688 1158 1733 unum
1186 1670 1279 1750 quasi
1309 1688 1393 1734 com-

231 1767 489 1855 prehenduntur,
517 1770 572 1848 qui
596 1786 672 1832 usus
695 1767 772 1831 item
794 1767 879 1846 apud
904 1767 1044 1830 Graecos
1072 1772 1106 1830 ct
1128 1765 1308 1832 Germanos
1330 1765 1393 1830 ire·

231 1866 439 1943 quentissime
461 1865 631 1944 reperitur.
677 1865 729 1930 Sic
752 1865 857 1928 Plaut.
879 1861 993 1942 Amph.
1014 1863 1041 1944 l,
1067 1870 1094 1944 1,
1118 1867 1175 1928 83:
1199 1867 1313 1927 cadunt
1334 1867 1394 1927 ool

230 1981 300 2022 aero
330 1965 387 2023 viri
416 1965 519 2023 virum.
566 1962 663 2028 Stich.
686 1963 718 2043 1,
743 1969 777 2044 2,
801 1969 855 2028 69:
892 1965 1010 2038 Edepol
1041 1980 1093 2024 vos
1120 1963 1220 2038 lepide
1248 1965 1397 2039 temptavi

230 2070 418 2139 vostrumque
441 2065 594 2138 inperitum
615 2065 725 2136 tepent.
770 2059 839 2124 Cas.
863 2059 923 2139 III,
948 2065 975 2137 l,
1002 2064 1054 2122 10:
1083 2061 1155 2119 (lum
1182 2063 1283 2122 cibato
1307 2080 1395 2137 quos·

232 2180 287 2237 que
312 2161 404 2221 facito
427 2169 460 2221 ut
482 2162 618 2234 veniant,
656 2163 740 2236 quasi
770 2168 840 2220 eant
867 2161 1007 2220 Sutrium.
1052 2155 1147 2220 Poen.
1175 2156 1242 2235 III,
1274 2162 1310 2237 3,
1341 2162 1394 2222 32:

231 2260 323 2332 copiti
345 2263 443 2318 boabo
465 2261 543 2318 istuc
566 2258 693 2334 quidem.
737 2254 823 2318 Trin.
846 2253 872 2332 1,
899 2259 933 2332 l,
959 2258 1012 2318 12:
1046 2256 1201 2330 Nimioqne
1225 2257 1274 2317 hic
1298 2258 1395 2332 pluris

218 2358 406 2432 ‚peonnam
425 2356 559 2429 pradum
581 2357 709 2415 Faciunt
730 2372 801 2429 pars
823 2355 987 2426 hominnm,
1025 2349 1082 2414 scd
1104 2351 1213 2414 statim
1235 2369 1264 2416 v.
1292 2357 1333 2416 14
1356 2351 1395 2416 de

236 2451 346 2516 eadem
368 2469 405 2515 re
428 2456 491 2514 est:

404 2569 451 2626 Ita
473 2569 595 2627 vincunt
617 2568 685 2626 illut
708 2567 895 2628 conducibile
916 2567 1042 2641 gratiae,

404 2667 486 2739 Quae
509 2666 540 2723 in
562 2665 652 2724 rebus
674 2666 775 2724 multis
798 2669 919 2738 opstant
942 2663 1102 2737 odioseque
1126 2667 1196 2722 sunt

402 2765 618 2836 Remoramque
641 2760 755 2821 iaciunt
777 2763 822 2820 rei
844 2763 979 2835 privatae
1002 2766 1034 2819 et
1055 2761 1204 2833 puplicae.

318 2880 346 2939 3.
384 2874 572 2950 Contrarius
601 2872 695 2937 huius
724 2891 802 2937 usus
825 2875 876 2937 est
896 2872 962 2953 hic,
995 2871 1047 2936 ubi
1063 2874 1196 2946 ploratis
1217 2876 1393 2952 usurpatus

232 2977 282 3037 est
296 2973 383 3037 vocis
398 2970 585 3036 referendae
605 2968 647 3033 ad
666 2969 762 3033 alium
782 2969 941 3050 pluralem
963 2971 1018 3050 ita,
1040 2973 1078 3032 ut
1096 2969 1138 3032 ad
1154 2969 1281 3050 singula
1296 2986 1394 3049 quae·

232 3089 294 3151 que
317 3071 412 3134 huius
436 3068 562 3148 singula
583 3065 671 3130 illius
689 3066 881 3146 pertineant.
927 3065 980 3132 Sic
1001 3067 1085 3148 legg.
1108 3066 1174 3131 XII
1201 3066 1306 3147 labb,
1333 3064 1393 3145 111,

231 3166 270 3230 fr.
293 3172 328 3230 4:
357 3170 389 3228 Si
411 3171 500 3242 volet,
525 3184 578 3227 suo
600 3167 700 3238 vivito,
725 3166 756 3223 ni
779 3183 832 3226 suo
854 3167 936 3240 vivit,
960 3169 1010 3242 qui
1032 3184 1079 3226 em
1101 3165 1232 3227 vinctum
1258 3166 1392 3240 habehit,

233 3265 326 3325 libros
348 3265 437 3325 larris
460 3266 537 3325 endo
560 3263 623 3324 dies
646 3263 726 3335 dato,
749 3259 779 3324 h.
797 3279 823 3325 e.
840 3261 951 3340 quovis
968 3261 1019 3326 die
1034 3278 1131 3325 unam
1146 3261 1270 3325 libram.
1286 3260 1391 3324 Plani.

231 3360 347 3425 Pseud.
363 3359 423 3439 ΙΙΙ,
441 3365 470 3439 2,
489 3364 541 3424 19:
566 3363 612 3421 illi
628 3368 697 3422 sunt
712 3361 884 3420 drachomis
899 3363 1010 3435 miseri,
1033 3358 1089 3423 ubi
1105 3358 1145 3422 de
1160 3376 1225 3422 una
1239 3357 1393 3422 drachma

231 3457 385 3536 loquitur,
409 3456 465 3519 sed
486 3457 595 3534 posuit
616 3455 791 3535 pluralem,
815 3456 951 3536 quiade
973 3454 1118 3536 pluribus
1140 3455 1321 3520 hominibus
1343 3454 1392 3519 lo·

233 3554 352 3635 quitur,
374 3583 418 3602 =
441 3557 565 3630 singulis
588 3557 746 3615 drachmis.

317 3649 478 3715 Pluralem
500 3649 575 3729 poni
596 3666 691 3728 posse
707 3648 909 3731 substantivi,
929 3650 971 3715 ad
990 3651 1075 3729 quod
1094 3650 1275 3732 pertineant
1298 3651 1393 3732 plura

234 3748 378 3829 epitheta
400 3747 434 3810 in
456 3746 610 3826 singulari
632 3764 765 3810 numero
787 3746 903 3829 posita,
926 3754 963 3811 ut
984 3748 1072 3829 apud
1087 3747 1197 3812 Caton.
1213 3748 1250 3812 R.
1263 3747 1301 3812 R.
1314 3766 1338 3812 c.
1354 3751 1390 3811 2:

231 3849 362 3908 rationes
391 3853 498 3922 putare
521 3846 740 3919 carpentarium,
769 3847 1000 3919 frumentorium
1023 3845 1226 3927 (paulopost
1256 3847 1391 3927 legitur:

195 3947 197 3952 '
232 3948 380 4006 rationem
402 3945 560 4017 vinariam,
589 3944 745 4018 oleariam,
773 3947 810 4007 ut
833 3960 858 4006 c.
883 3947 917 4006 5:
954 3946 1104 4006 Frondem
1125 3949 1317 4022 populneam,
1344 3947 1390 4005 ul·

232 4060 343 4115 meam,
368 4059 529 4117 querneam
553 4040 701 4115 caedito),
731 4039 889 4103 neminem
910 4045 1020 4120 potest
1041 4039 1218 4121 offendere,
1242 4040 1390 4121 quoniam

234 4137 344 4219 plures
366 4137 507 4201 rationes
531 4135 719 4216 cogitandae
746 4141 832 4217 sunl,
866 4154 949 4217 quae
977 4136 1127 4220 deinceps
1155 4141 1387 4204 enumerantur.

319 4254 350 4312 4.
372 4246 539 4312 Interdum
560 4245 692 4327 ponitur
713 4244 845 4326 pluralis
867 4247 1028 4312 nominum
1048 4266 1130 4329 quac
1148 4248 1299 4316 dicuntur
1316 4264 1390 4329 pro·
