3058 4766
210 209 269 270 142
643 198 798 242 sussutuu.
813 197 876 240 CAP.
893 198 934 241 lli.

208 385 312 455 sativo
333 382 389 462 illo
411 401 509 450 sensu
531 383 734 463 dictumest,
756 389 793 452 ut
813 384 857 452 sit
879 401 937 465 pro
960 392 1096 457 cassate
1119 380 1235 448 aostu.“
1279 379 1359 452 ueto

207 483 245 551 R.
268 481 306 548 lt
330 499 357 548 e.
382 486 416 546 e:
439 501 472 544 eo
493 485 564 560 quie
585 482 706 548 toutur.
730 479 763 546 Ο.
789 487 863 550 134;
886 491 1002 546 moetus
1024 485 1078 544 uos
1099 482 1199 555 seram.
1223 477 1257 544 C.
1284 483 1359 544 141:

206 591 307 644 maele
330 583 408 643 disee
428 582 671 644 ammomum
692 582 865 644 meneleus
887 589 960 644 esto.
1004 583 1088 642 Mars
1113 586 1201 656 pater
1228 579 1360 641 eiusdem

207 681 252 744 rei
282 697 367 756 ergo,
395 686 491 744 macte
515 681 593 740 hisee
612 679 857 742 mooitoorilo'daa
880 681 1051 742 matium
1073 684 1148 740 esto.
1175 674 1242 740 Ib.:
1271 678 1360 740 Eius·

207 795 263 857 que
286 780 332 840 rei
354 795 426 854 ergo
448 784 546 840 maote
568 779 646 840 diem
665 777 909 839 mmoiiooro'lldos
931 776 1117 837 imasolaado's
1133 781 1208 836 esto.
1232 771 1360 836 &1342

207 883 304 938 munte
325 876 395 935 odom
416 875 528 948 defendo
550 883 624 938 esto.
668 872 729 938 Ib.:
766 877 903 951 luppiter
925 884 1020 936 macte
1044 875 1136 947 seroie
1158 879 1239 946 esto,
1263 878 1359 934 macte

208 975 277 1036 odae
301 973 411 1047 daferio
427 978 501 1035 esto.
526 969 560 1037 O.
587 976 662 1038 139:
690 974 838 1034 Hammee
861 991 961 1034 rerum
988 990 1059 1048 ergo
1081 977 1177 1032 macte
1201 971 1254 1030 lroe
1270 987 1362 1044 pereo

202 1072 326 1146 piaculo
347 1070 526 1134 immolando
548 1077 623 1133 esto.
647 1068 774 1134 Ο.132;
799 1073 899 1133 eiusce
921 1072 967 1132 rei
990 1087 1060 1146 ergo
1082 1075 1178 1130 macte
1202 1069 1259 1128 doe
1276 1069 1363 1128 illum

206 1169 281 1242 dape
306 1168 482 1242 polloomda
508 1175 582 1229 esto.
627 1166 689 1232 lb.:
723 1176 820 1230 macte
848 1171 939 1230 diaeo
974 1168 1049 1242 dape
1074 1167 1252 1242 potameda
1286 1172 1360 1230 esto.

207 1267 307 1328 Macte
329 1266 398 1328 oo'oo
419 1265 531 1338 inferio
552 1271 624 1330 esto.
648 1265 742 1330 Ennii
765 1269 864 1330 satur.
895 1264 916 1330 l.
939 1263 1000 1344 ΙΙΙ,
1022 1261 1061 1328 ir.
1086 1268 1121 1327 5:
1145 1266 1268 1342 Quaque
1291 1281 1361 1340 pro-

205 1371 274 1440 pter
286 1363 462 1424 Hannibalis
478 1364 580 1440 copias
601 1366 779 1426 considerat.
802 1361 897 1428 Ennii
917 1361 1088 1427 Alexandri
1110 1359 1147 1424 fr.
1165 1365 1199 1424 7:
1223 1363 1253 1422 Is
1271 1363 1362 1422 habet

207 1478 347 1523 eoronam
375 1462 505 1523 vitulam
528 1461 584 1538 (ε
606 1458 728 1526 laetans
751 1461 884 1542 gaudio)
907 1463 1040 1524 mosomo.
1069 1457 1241 1524 Alexandri
1262 1456 1300 1521 fr.
1324 1461 1358 1520 9:

205 1561 269 1636 Quo
290 1559 398 1618 inclinio
421 1559 658 1621 Lacedaemonia
680 1563 795 1638 mulier,
820 1563 978 1622 Furiarum
1000 1578 1072 1634 una,
1096 1560 1224 1620 advenit.
1268 1555 1364 1620 Ennii

206 1653 342 1719 Medeae
360 1653 466 1720 exulis
487 1653 525 1718 fr.
552 1661 579 1734 l,
601 1675 630 1722 u.
653 1660 731 1721 286:
754 1659 877 1732 imperio
900 1659 978 1733 regis
1001 1660 1110 1719 Peliae.
1139 1653 1244 1718 Plaut.
1265 1653 1360 1717 Most.

205 1750 232 1832 Ι,
256 1757 286 1832 3,
310 1757 369 1816 17:
397 1755 511 1815 Virtute
533 1753 646 1816 formae
669 1757 700 1816 id
723 1758 831 1832 evenit,
855 1762 884 1816 te
897 1763 930 1818 ut
945 1757 1060 1833 deceat,
1084 1754 1223 1831 quiequid
1239 1755 1360 1827 habeas,

205 1851 289 1932 quod
314 1849 504 1931 explicatur:
529 1869 584 1926 per
605 1853 751 1927 formano,
782 1854 896 1926 formae
916 1856 1024 1928 oralia.
1067 1851 1163 1916 Poen.
1186 1848 1224 1928 V,
1247 1856 1277 1928 4,
1303 1853 1359 1913 39:

205 1952 279 2012 Meo
300 1946 411 2021 ήᾱιιιία
433 1951 535 2010 hercle
558 1951 725 2028 haruspex,
752 1959 873 2027 patrue,
904 1953 949 2012 his
972 1953 1122 2028 promisit,
1151 1952 1227 2024 seio,
1257 1952 1361 2010 Liber-

206 2054 308 2110 tatem.
332 2044 424 2112 sure.
447 2045 473 2125 I,
501 2051 530 2116 3,
554 2049 607 2110 56:
633 2050 719 2122 Hem,
742 2050 814 2110 istoc
834 2052 922 2110 uerbo
944 2050 1104 2112 vindictam
1126 2067 1209 2124 para.
1238 2046 1361 2112 Grono-

204 2144 275 2208 vius
311 2142 462 2222 explieat:
507 2146 609 2220 „Ieme
638 2149 725 2208 aerbo
760 2150 811 2210 est
837 2151 970 2227 propter
996 2145 1028 2210 id
1057 2146 1142 2226 quod
1172 2144 1295 2224 dixisti,
1326 2146 1364 2208 ut

210 2241 336 2325 quando
359 2241 453 2321 velis,
481 2241 590 2306 videre
612 2259 663 2308 me
683 2243 804 2324 possis,
841 2244 939 2309 redde
961 2262 1011 2309 me
1034 2243 1176 2309 liberam.
1220 2242 1363 2307 Verbum

205 2358 265 2423 pro
286 2359 338 2419 re,
367 2356 448 2420 quae
471 2340 569 2404 verbo
593 2337 807 2420 significatur:
848 2340 915 2407 fere
945 2347 1028 2406 enim
1052 2342 1161 2408 eodem
1185 2359 1297 2419 sensu,
1325 2342 1362 2402 ob

205 2457 270 2502 eum
290 2439 382 2501 reat.“
411 2436 499 2502 Pers.
520 2435 577 2514 IV,
602 2441 632 2514 6,
656 2442 688 2501 7:
714 2441 795 2502 daero
817 2441 958 2514 sudando
980 2459 1034 2517 ego
1057 2443 1208 2517 auspicavi
1230 2443 1261 2501 in
1283 2442 1362 2526 hune

204 2537 282 2600 Mem
304 2535 364 2602 nisi
385 2534 436 2600 hie
459 2539 509 2600 est
531 2535 643 2615 potins
667 2535 801 2602 dativus.
845 2538 1160 2617 Asinar.l,2,16:
1198 2539 1357 2614 inpensis

202 2637 317 2712 inopia.
355 2631 436 2702 Vide
460 2632 499 2698 de
521 2629 581 2700 hoc
603 2633 673 2700 loeo
696 2633 843 2699 Reinium
866 2640 987 2716 quaest.
1025 2634 1130 2699 Plant.
1153 2653 1183 2716 p.
1206 2652 1234 2714 q.
1258 2633 1357 2698 Recte

208 2732 346 2814 explicat
365 2731 556 2798 Lambinus:
578 2739 704 2810 propter
725 2735 864 2810 inopiam,
889 2737 992 2808 iuopia
1011 2741 1117 2796 coneto.
1143 2730 1235 2798 Cure.
1257 2728 1299 2809 ΙΙ,
1326 2736 1353 2809 1,

205 2834 263 2896 28;
287 2833 399 2894 Venire
421 2834 536 2909 poteris
558 2833 705 2892 intestinis
726 2834 821 2910 vilius,
844 2830 875 2894 h.
900 2849 926 2894 e.
950 2833 988 2894 ob
1010 2831 1162 2896 intestina
1183 2827 1311 2910 putrida
1325 2833 1359 2894 et

206 2927 340 2993 delinita
362 2927 465 2994 uilius
508 2926 599 3009 Epid.
622 2927 665 3008 ΙΙ,
689 2932 719 3006 2,
743 2933 796 2992 3];
835 2931 865 2991 id
892 2931 967 2992 adeo
996 2932 1048 3004 qul
1069 2947 1203 2990 maxume
1230 2931 1357 2990 animum

206 3027 415 3104 adverterint,
453 3025 508 3092 ubi
529 3030 618 3090 recte
651 3025 810 3092 Gruterus
839 3030 891 3100 qao·
919 3026 1055 3108 explicat
1082 3043 1138 3106 per
1160 3028 1358 3101 quomobrem.

203 3123 298 3191 Most.
315 3122 353 3200 V,
380 3129 407 3195 1,
431 3129 468 3188 31
487 3129 520 3188 et
536 3127 576 3188 58
599 3122 758 3202 Quidnml,
781 3124 952 3204 utrobique
974 3127 1128 3204 sequente
1150 3126 1229 3199 quio.
1257 3121 1353 3186 Poen.

204 3221 242 3294 V,
266 3227 296 3300 4,
320 3226 377 3286 2οτ
406 3225 448 3285 ut
469 3227 606 3299 volupest
629 3223 755 3297 homini,
783 3241 850 3284 mea
877 3242 976 3298 soror,
1004 3227 1044 3299 si,
1072 3224 1151 3301 quod
1174 3224 1250 3300 egit,
1278 3225 1357 3282 cluet

203 3321 340 3384 uictoria
383 3318 493 3384 Lamb.
518 3318 567 3399 „si
588 3320 622 3386 in
644 3337 697 3397 eo,
728 3318 813 3398 quod
835 3319 917 3400 agit,
957 3319 1090 3384 victorin
1121 3317 1226 3384 clarus
1249 3324 1299 3384 est
1321 3322 1354 3382 et

204 3414 360 3482 excellit.“
383 3417 480 3484 Stich.
496 3437 524 3482 v.
542 3422 617 3484 327:
640 3422 690 3480 tuo
713 3419 855 3480 arcesila
876 3419 934 3480 huo
957 3421 1050 3481 venio.
1075 3415 1171 3482 Marc.
1186 3416 1212 3497 Ι,
1233 3423 1259 3497 l,
1281 3421 1355 3480 101:

203 3516 330 3592 hospitis
352 3517 443 3578 desso.
473 3513 558 3579 Trin.
581 3514 620 3594 V,
645 3521 672 3593 2,
701 3518 752 3580 18:
773 3519 842 3578 Meo
866 3517 1004 3592 adleyulo
1025 3518 1116 3578 uenit.
1155 3513 1240 3579 Trin.
1264 3514 1300 3594 V,
1325 3519 1353 3592 2,
1437 3531 1442 3539 '

206 3615 261 3675 16:
298 3615 324 3674 is
349 3616 430 3674 mille
458 3632 605 3675 nummum
634 3633 665 3676 se
696 3633 799 3676 aurum
826 3617 896 3676 Meo
924 3616 997 3676 dola
1027 3615 1080 3676 tibi
1109 3613 1174 3674 fere
1208 3643 1245 3654 --
1268 3615 1356 3674 aibat.

203 3708 317 3774 Pseud.
342 3708 401 3786 111,
424 3713 454 3788 2,
480 3714 531 3772 14;
554 3713 622 3788 Quo
642 3715 719 3774 istuc
741 3710 878 3774 ratione?
902 3709 998 3776 Stich.
1016 3709 1053 3790 V,
1069 3715 1099 3789 4,
1117 3705 1163 3774 8;4
1176 3714 1234 3784 Pro
1250 3711 1354 3788 opibus

204 3810 316 3872 nostris
339 3813 412 3872 satis
443 3811 687 3872 commodulumst
714 3810 839 3872 membres
868 3809 981 3882 sabulis
1006 3811 1103 3883 riculis
1129 3812 1221 3872 Oleae
1248 3808 1356 3870 cnosso

204 3908 306 3981 lapillo
332 3908 498 3967 omonimum
519 3908 656 3968 musam
694 3905 782 3970 Pers.
805 3904 843 3985 V,
872 3912 897 3986 l,
920 3913 957 3970 4:
981 3911 1086 3968 Eure
1109 3909 1163 3982 (τ..-
1185 3904 1284 3970 eade
1307 3905 1354 3980 re)

203 4007 287 4068 vobis
309 4007 401 4082 gratis
424 4006 526 4067 habeo.
561 4001 659 4068 Mero.
683 4021 712 4067 v.
738 4006 814 4068 365:
838 4024 896 4082 qua
917 4023 960 4066 re.
996 4003 1089 4068 Most.
1113 4004 1139 4085 1,
1166 4009 1191 4082 l,
1215 4007 1271 4068 36:
1294 4004 1355 4064 Mei

203 4105 281 4180 tergi
303 4102 381 4164 facio
404 4103 488 4177 haec,
512 4121 571 4164 non
594 4106 637 4163 tui
658 4103 777 4175 fidoleia.
821 4099 917 4166 Most.
940 4121 969 4166 ν.
993 4105 1068 4166 84οε
1092 4107 1187 4165 aetate
1208 4122 1267 4164 nou
1290 4102 1354 4178 quis

204 4202 365 4278 optuerier.
387 4197 483 4264 Mero.
496 4218 524 4264 u.
538 4203 613 4266 323:
637 4206 677 4260 At
699 4218 736 4260 ne
760 4199 939 4262 deteriorem
961 4208 1060 4263 tamen
1083 4202 1137 4262 lroe
1158 4201 1354 4274 [octodenas.
