3058 4766
217 258 278 316 146
653 243 807 286 sumnus.
830 239 895 284 our.
911 240 952 286 ru.

214 419 276 502 ΙΙΙ,
300 427 329 501 2,
347 427 410 491 ab:
443 422 666 485 Formidulosae
688 417 784 496 dicu,
813 437 872 480 non
895 432 960 479 cesa
981 417 1078 484 modo.
1122 413 1219 478 Most.
1241 409 1304 489 111,
1334 414 1364 488 2,

220 523 296 584 104;
319 518 412 583 Simul
432 521 505 582 flare
529 519 709 594 sorbereque
730 519 803 578 baut
824 516 908 589 suctu
929 517 1058 578 facilest
1103 511 1189 576 Pers.
1212 508 1250 584 V,
1276 513 1303 587 1,
1327 513 1364 572 9:

216 619 348 692 Quorum
377 634 470 694 opera
502 617 576 676 baec
603 616 676 676 mibi
705 614 809 676 facilia
835 613 919 685 fectu
940 613 1023 676 lacta
1049 619 1126 674 suut.
1169 607 1225 686 IV,
1251 613 1281 685 4,
1308 609 1363 670 1οι

217 716 297 792 quod
317 733 486 792 pessumum
508 713 689 788 adpressust.
723 709 821 774 Poen.
842 709 868 788 Ι,
892 714 921 788 2,
945 715 999 774 lb:
1024 712 1071 772 Eo
1093 710 1167 772 illud
1190 710 1283 768 satius
1306 713 1364 781 est,

213 815 291 890 quod
308 815 381 876 satis
396 822 452 890 ert,
475 812 589 878 laabim,
611 827 698 885 quam
713 811 790 885 quod
813 812 880 884 plus
904 817 952 870 sat
973 807 1069 881 est.⁴⁰)
1094 805 1219 870 Terent.
1236 801 1363 868 Phorm.

212 908 255 988 Π,
280 915 308 989 1,
332 915 388 975 70:
410 913 461 972 Nil
483 917 531 970 est
552 909 631 968 dicte
654 906 781 969 facilius.
805 905 882 970 Hee.
905 905 948 982 11,
972 909 1001 984 3,
1023 910 1060 969 4;
1084 906 1143 966 Sed
1165 921 1224 963 nou
1243 902 1365 962 facilest

212 1013 389 1083 capurpotu.
421 1006 481 1085 111,
506 1011 535 1084 1,
559 1008 612 1069 15:
636 1007 750 1081 quoivis
772 1005 861 1065 lauile
884 1006 998 1066 amaret.
1042 1001 1159 1066 Heaut.
1183 999 1237 1078 lv,
1258 1005 1286 1074 3,
1309 1001 1366 1061 26:

211 1107 325 1167 Bonam
346 1113 436 1182 atque
455 1107 563 1166 iustam
585 1121 649 1166 rem
672 1104 781 1179 oppido
804 1105 924 1177 inperas
947 1108 979 1161 et
998 1101 1081 1174 factu
1104 1099 1234 1162 facilem.

299 1205 349 1265 36.
373 1220 400 1268 c.
420 1202 582 1262 luuram
603 1201 731 1262 lobias.
777 1199 849 1263 Huc
869 1199 1010 1278 pertinet
1025 1195 1184 1262 ablativus
1202 1197 1289 1264 modi,
1311 1193 1368 1272 qui

216 1297 341 1377 dcitur,
359 1298 539 1378 exprimens
554 1297 710 1361 rationem
726 1314 790 1376 qua
804 1296 924 1376 aliquid
939 1293 977 1359 fit
992 1301 1026 1359 et
1041 1311 1104 1374 qua
1119 1298 1223 1357 status
1237 1290 1367 1371 quidam

217 1395 458 1461 animadversus
481 1395 563 1475 eius,
591 1393 824 1475 uniloquam,
854 1392 953 1458 oculis
975 1396 1252 1472 repraesentatur,
1280 1389 1368 1469 quod

214 1493 335 1574 duplici
355 1494 449 1558 modo
472 1491 542 1558 fieri
564 1497 683 1574 potest.
728 1492 845 1582 Potest
863 1491 947 1556 enim
969 1488 1020 1554 bic
1042 1489 1202 1554 ablativus
1229 1487 1368 1568 primum

213 1593 388 1654 ouantem
421 1589 650 1672 significatione
683 1589 834 1670 usurpari
867 1594 1000 1667 tumque
1035 1593 1086 1651 est
1114 1586 1242 1666 proprie
1280 1604 1369 1648 maus

214 1690 404 1767 modulis,
427 1694 625 1769 quapropter
647 1703 685 1750 eo
700 1686 871 1751 referenda
887 1689 961 1750 sunt
978 1684 1085 1748 omnia
1099 1683 1261 1763 adverbia,
1284 1700 1367 1763 quae

213 1784 343 1850 ablativi
376 1785 510 1849 formam
544 1790 578 1850 et
605 1780 867 1866 significationem
897 1781 948 1847 vel
982 1779 1245 1864 significationem
1278 1784 1366 1844 certe

214 1881 314 1947 solam
334 1880 461 1948 habent.
484 1881 608 1948 Deinde
624 1899 662 1948 eo
684 1888 831 1963 spectent
853 1880 995 1960 ablativi,
1017 1879 1128 1960 quales
1151 1886 1227 1944 sunt
1240 1881 1368 1956 annuo,

213 1982 289 2057 iocre,
310 1982 440 2049 tamaio,
462 1982 627 2059 conano,
650 1985 751 2056 sponte
774 1982 807 2044 et
828 1977 988 2059 generalis
1011 1975 1250 2059 significationis
1271 1978 1366 2055 modo,

214 2079 344 2147 ratione,
371 2094 465 2146 more,
493 2077 548 2157 qui
570 2092 641 2142 cum
663 2075 848 2159 pronomine
870 2076 921 2140 vel
943 2074 1099 2141 adiectivo
1123 2076 1366 2156 comuuguntur.

215 2173 278 2238 Hio
317 2172 475 2238 ablativus
520 2192 616 2255 saepe
658 2176 799 2255 proxime
841 2173 965 2238 accedit
1005 2172 1047 2238 ad
1082 2171 1366 2238 instrumentalem.

215 2271 339 2336 Deinde
362 2276 470 2336 autem
493 2271 555 2338 abl.
585 2272 670 2338 modi
692 2278 799 2353 potest
825 2271 920 2336 etiam
951 2275 1115 2334 accessorio
1143 2271 1245 2350 magis
1271 2269 1366 2350 rigui-

216 2365 363 2436 ficatioue
385 2369 508 2449 positus
531 2384 616 2448 esse,
639 2371 740 2436 sires
763 2369 1000 2450 describuntur,
1030 2387 1112 2450 quae
1135 2374 1254 2435 statum
1276 2367 1367 2448 quasi

217 2466 418 2532 comitentur.
461 2467 547 2532 Huio
571 2466 703 2534 ablativi
731 2469 841 2550 generi
863 2485 960 2549 saepe
992 2487 1059 2530 cum
1079 2466 1275 2548 praepositio
1311 2466 1367 2531 ad-

216 2563 369 2644 iungitur,
392 2563 482 2630 velut
495 2565 524 2629 si
539 2565 655 2630 dicitur
666 2585 733 2629 oum
746 2584 829 2645 curo,
852 2585 918 2628 oum
932 2568 1100 2642 diltpcotla,
1122 2585 1188 2630 cum
1210 2567 1364 2627 ceromate.

216 2661 364 2740 Denique
379 2667 527 2742 spectant
541 2664 582 2730 ad
597 2663 770 2730 ablativum
785 2663 871 2729 modi
887 2663 982 2728 etiam
1004 2662 1135 2729 ablativi
1152 2665 1287 2742 cesoma
1311 2660 1366 2742 qui

216 2759 374 2838 donetur„
403 2759 458 2825 ubi
472 2759 506 2824 in
520 2762 640 2827 musali
655 2769 689 2827 et
704 2761 907 2828 conditionali
918 2758 1147 2842 significatione
1161 2760 1259 2841 positi
1281 2764 1364 2825 sunt.

299 2858 454 2920 Aduerbio
473 2861 567 2930 modi,
593 2880 670 2936 quae
691 2862 820 2935 formum
841 2866 870 2920 ct
889 2861 1134 2935 apvaficutloaem
1155 2861 1263 2919 babeat
1285 2861 1367 2920 ubla-

215 2955 278 3016 bot.
323 2954 459 3018 Adsiduo
480 2955 583 3022 Plaut.
606 2957 700 3024 Most
724 2959 779 3038 IV,
802 2963 831 3038 2,
855 2962 905 3022 60.
944 2956 1037 3021 Truc.
1063 2955 1105 3034 ΙΙ,
1127 2963 1157 3036 4,
1181 2960 1234 3020 68;
1258 2965 1365 3032 tecum,

215 3071 282 3116 mea
303 3055 451 3132 voluptas,
474 3074 566 3131 usque
589 3075 641 3119 ero
662 3057 806 3120 adamo.
829 3056 884 3121 DI.
908 3060 1001 3117 Immo
1024 3057 1125 3116 berole
1148 3073 1219 3117 vero
1234 3055 1367 3116 adeubw

214 3155 360 3216 mavelim.
386 3183 424 3196 -··
447 3152 563 3227 Aliquo
583 3152 687 3219 Plaut.
727 3152 824 3218 Mure.
861 3153 905 3234 ΙΙ,
927 3157 957 3229 2,
981 3154 1031 3231 62,
1053 3151 1129 3216 item
1150 3151 1265 3218 Pseud.
1288 3151 1313 3231 Ι,
1337 3157 1367 3229 3,

219 3252 260 3312 83
283 3267 323 3312 ex
344 3247 565 3328 supplemento
588 3249 793 3316 Fleckeiseu'u
837 3255 904 3330 Qua
932 3250 1037 3316 Plaut.
1075 3250 1162 3314 Asin.
1200 3250 1225 3328 Ι,
1256 3258 1281 3328 1,
1310 3253 1367 3323 83:

216 3348 283 3423 Quo
304 3365 359 3422 me,
382 3365 443 3420 ouo
465 3367 595 3424 uxorem,
618 3367 678 3424 qua
701 3358 733 3410 tu
756 3369 871 3413 servom
893 3352 1033 3412 Sauream
1053 3352 1146 3422 Petis,
1169 3351 1365 3412 circumduce.

217 3441 283 3506 Mil.
305 3440 360 3521 IV,
384 3449 413 3522 3,
436 3447 496 3507 2οε
528 3449 587 3521 Qui
609 3455 782 3510 consectare
806 3467 866 3522 quo
887 3450 978 3511 maris
999 3464 1060 3521 quo
1081 3446 1214 3508 femmae
1258 3444 1313 3525 IV,
1336 3450 1365 3524 9,

220 3543 272 3604 15:
297 3543 390 3615 Quem
406 3559 506 3604 omnes
528 3546 656 3606 oderunt
677 3563 740 3620 pau
753 3549 809 3608 viri
822 3565 883 3620 pua
904 3548 1053 3607 mulieres.
1076 3544 1240 3618 Auspioolo
1261 3542 1364 3610 aaut.

215 3635 304 3700 Pers.
326 3654 354 3700 v.
379 3641 449 3702 607.
496 3641 580 3702 Certo
607 3641 710 3708 Plaut
733 3641 847 3723 Amph.
869 3641 950 3723 prol.
972 3660 1002 3706 v.
1026 3645 1077 3721 93,
1099 3639 1129 3704 b.
1152 3659 1179 3706 e.
1203 3641 1271 3706 siue
1293 3657 1366 3704 cou-

218 3732 377 3798 troversia
398 3737 432 3798 et
453 3733 521 3800 eine
543 3736 729 3817 unusquam
751 3739 1007 3821 reprehensione,
1030 3745 1067 3804 ut
1087 3737 1168 3820 expl.
1182 3737 1386 3804 Lambinus.

221 3830 249 3909 Ι,
273 3835 301 3909 l,
324 3834 396 3896 231.
440 3830 538 3898 Stich.
560 3833 587 3914 Ι,
610 3840 639 3915 2,
663 3842 722 3904 31:
747 3840 831 3902 earo
854 3841 933 3902 euim
955 3840 1027 3900 mibi
1048 3845 1192 3914 pateruae
1215 3837 1296 3900 vocis
1318 3854 1365 3900 su-

223 3965 425 3975 ᾑ-

286 4080 323 4144 ⁴⁰)
343 4079 388 4133 Sic
406 4078 528 4149 egregrie
546 4080 620 4135 bunc
636 4081 725 4136 locum
745 4081 880 4137 difficilem
899 4080 1053 4137 emendavit
1065 4079 1190 4148 Belbina,
1210 4075 1295 4146 quiin
1308 4073 1365 4128 vul-

217 4167 282 4229 gata
300 4175 381 4214 seusu
400 4170 482 4216 caret.
519 4163 611 4233 vulga
641 4166 687 4220 Eu
705 4165 776 4220 suad
792 4167 893 4220 aobuet
913 4165 982 4219 satia
1005 4163 1080 4232 qaod
1096 4164 1165 4217 eoba
1183 4166 1236 4230 cat,
1256 4159 1368 4214 babitus

212 4242 279 4313 plue
296 4259 379 4312 quom
395 4250 440 4300 aot
456 4251 503 4300 eat.
