3058 4766
457 249 545 290 OASUS
560 247 828 290 sunsnnnnlvonunt.
842 269 866 278 -
881 249 984 289 ABLA'P.
1244 275 1252 292 x
1267 257 1326 316 125

259 429 310 490 34.
343 423 373 488 b.
410 425 572 485 Atiatr'uus
603 424 700 484 uertit.
751 422 822 487 Huc
855 423 1018 501 pertinent
1051 421 1182 487 ablativi
1212 424 1328 486 iustru-

171 525 279 600 uuutr‘,
311 519 442 587 ablativi
475 537 582 584 euusor
612 523 645 584 et
672 519 756 584 inter
788 519 847 586 hoa
882 519 977 586 etiem
1007 518 1138 584 ablativi
1171 537 1263 582 rausa
1295 521 1329 582 et

170 622 280 695 pratia.

257 717 418 778 Abtutr'uus
439 718 636 778 instrumenti.
664 713 702 778 In
723 713 848 794 legibus
871 713 969 794 regiis
992 712 1116 778 Numae
1140 730 1190 792 up.
1206 711 1326 792 Egger.

172 830 202 893 p.
227 817 268 876 82
292 817 355 878 est:
390 815 464 874 Virro
487 831 591 890 rogum
614 831 651 874 ne
672 815 851 888 respergito.
885 811 951 876 Lex
973 810 1098 876 Numae
1121 829 1172 890 ap.
1195 808 1328 875 Festum

172 927 200 974 v.
224 914 324 986 opima
354 913 452 988 spolia
478 927 528 990 ap.
557 909 675 990 Egger.
706 926 737 989 p.
765 912 820 974 83:
858 911 948 972 (iuius
977 911 1110 984 auspicio
1138 910 1230 970 stesso
1257 923 1329 981 pro·

172 1010 268 1070 tincto
290 996 390 1083 opinia
411 1011 508 1082 spolia
530 1010 697 1082 sapiuntur.
728 1006 838 1072 Livius
860 1004 1063 1072 Andronicus
1085 1004 1118 1068 in
1141 1003 1253 1084 Odyss
1277 1020 1328 1082 ap.

173 1103 284 1170 Isidor.
312 1103 390 1184 orig.
421 1103 508 1181 XIX,
533 1109 569 1167 4:
608 1123 706 1168 remos
733 1107 820 1166 iussit
850 1107 980 1182 religare
1007 1105 1146 1178 struppis.
1193 1101 1273 1166 Non.
1296 1099 1330 1164 in

176 1204 336 1264 dextrabus
360 1220 390 1280 p.
406 1206 469 1266 493
492 1219 531 1266 ex
552 1201 572 1264 l.
596 1199 656 1280 ΙΙΙ,
679 1219 708 1264 v.
730 1206 770 1266 35
793 1201 860 1265 Liv.
882 1200 1022 1264 Andron.
1047 1198 1177 1280 Odyss:
1201 1199 1329 1274 denique

173 1301 311 1360 usurus
339 1300 500 1361 dentrabrts
527 1301 640 1382 (χερσίν
662 1292 686 1360 r'
704 1292 896 1380 ἠσπάζοντο).
940 1296 1022 1362 Livii
1050 1296 1223 1362 Andronici
1250 1293 1331 1358 Ainx

175 1393 433 1475 Mustigophorus
461 1394 499 1460 fr.
525 1400 558 1460 2:
593 1398 709 1460 Virtute
734 1400 800 1458 laus
829 1404 1019 1473 praestatur,
1053 1403 1100 1456 sat
1121 1397 1215 1457 multo
1248 1395 1329 1454 otius

176 1495 267 1554 Veuto
290 1501 320 1554 et
341 1495 569 1566 perussisset.
602 1492 671 1558 Liv.
694 1492 835 1557 Andron.
858 1492 930 1556 Ino:
955 1495 1057 1554 Etiam
1069 1509 1223 1567 purpureo
1245 1508 1330 1552 suras

175 1592 294 1652 include
318 1592 469 1650 cothurno.
492 1588 556 1654 In:
578 1594 745 1668 Pressaque
767 1593 826 1652 iam
844 1591 974 1666 prouida
996 1593 1146 1665 crepitant
1169 1590 1224 1650 tibi
1246 1597 1332 1664 terge

172 1689 333 1763 pharetra.
378 1685 444 1750 Liu
470 1686 609 1751 Andron.
633 1687 728 1752 Terei
750 1684 788 1750 ir.
812 1691 847 1766 3,
874 1707 903 1752 v.
927 1691 984 1751 25:
1019 1706 1057 1747 ne
1087 1688 1167 1760 faute
1188 1687 1330 1760 perbitet.

173 1784 241 1850 Liv.
272 1783 411 1847 Andron.
439 1782 477 1848 fr.
506 1783 611 1849 Ludii:
647 1786 767 1848 Corruit
793 1790 879 1860 quasi
904 1788 982 1846 irtus
1008 1801 1104 1846 stuta.
1141 1785 1204 1860 (est
1230 1797 1332 1861 genus

176 1879 278 1956 ferri).
315 1879 381 1944 niv.
406 1880 545 1945 Andron.
571 1880 716 1962 Aegisthi
738 1877 775 1944 ir.
801 1887 835 1946 3:
873 1885 973 1943 Iamne
997 1886 1100 1944 oeulos
1122 1882 1215 1954 speeie
1237 1882 1331 1942 laete·

173 1981 243 2040 visti
266 1978 409 2052 spuunt?
442 1976 540 2042 Neev.
565 1975 603 2042 ir.
627 1977 782 2058 Appellae
808 1984 840 2042 1:
870 1981 919 2040 rui
941 1996 1007 2054 urps
1028 1979 1142 2042 utuudo
1167 2009 1204 2020 —
1227 1979 1331 2040 oenus

173 2079 252 2138 ulter
275 2075 415 2154 profluit,
453 2075 508 2140 ubi
536 2094 610 2151 cepe
638 2082 696 2140 aut
723 2091 789 2140 ooo.
813 2075 891 2156 sing.
915 2080 972 2140 eut
993 2091 1059 2140 aec.
1088 2075 1168 2154 plur.
1192 2078 1249 2138 aut
1269 2072 1331 2138 abl.

174 2171 254 2252 sing.
279 2189 350 2236 esse
372 2176 494 2252 potest,
525 2170 562 2236 cf.
586 2171 734 2238 Rnddim.
757 2173 787 2252 1,
815 2190 846 2252 p.
875 2177 943 2238 114.
984 2172 1098 2238 Naevii
1125 2171 1265 2252 elogium
1291 2170 1332 2236 ab

174 2269 245 2348 ipso
269 2269 423 2349 scriptum
447 2287 476 2350 p.
502 2273 560 2333 201
586 2268 743 2336 Klussrn.:
767 2273 853 2334 obliti
876 2278 945 2332 sunt
959 2272 1065 2332 Romei
1087 2272 1204 2346 loquiar
1218 2271 1333 2330 Luttuu

174 2367 288 2440 ttupuu.
334 2365 433 2432 Nasv.
464 2365 503 2430 fr.
533 2365 771 2434 Acontizontsn.
801 2373 834 2432 3:
873 2367 1024 2442 Suppttru'o
1051 2374 1142 2428 noctu
1168 2365 1331 2429 interiecit.

173 2463 273 2530 Naev.
297 2460 333 2526 ir.
358 2463 486 2528 Danaas
510 2469 542 2526 5:
575 2468 641 2528 auri
666 2468 755 2528 iubeo
784 2468 865 2538 sorite
898 2468 999 2526 lavere
1027 2467 1175 2526 neminem
1203 2481 1331 2526 manum.

173 2559 210 2624 fr.
236 2565 271 2624 3:
306 2581 393 2638 quam
417 2563 565 2638 quondam
587 2563 714 2635 fulmine
734 2565 788 2624 icit
811 2565 954 2640 Iuppiter.
992 2558 1032 2626 ir.
1058 2567 1112 2626 11:
1150 2561 1211 2622 Suo
1233 2563 1332 2624 sustu

175 2661 258 2720 staro
292 2660 447 2734 fulgurivit
481 2660 627 2734 Iuppiter.
686 2659 798 2739 Equus
835 2658 1006 2724 Troianus:
1052 2678 1211 2735 numquam
1243 2660 1332 2720 hodie

172 2759 296 2833 effugies
331 2759 402 2832 quin
440 2773 506 2816 ruta
542 2773 635 2818 mauu
670 2760 812 2820 Moriere.
858 2754 1012 2820 Hesiona:
1047 2757 1092 2816 Ne
1126 2758 1198 2818 mihi
1226 2773 1332 2832 gerere

174 2872 285 2918 morem
310 2855 412 2914 videar
431 2854 545 2928 tityus,
569 2872 670 2916 vorum
693 2856 816 2930 ttuputu.
853 2853 990 2934 Lycurg.
1014 2850 1052 2916 fr.
1077 2857 1106 2931 5,
1136 2872 1164 2918 v.
1188 2856 1245 2918 28:
1279 2854 1333 2912 Ia-

171 2951 261 3026 peur'o
284 2953 406 3012 arbusta
428 2952 479 3012 ubi
502 2958 573 3012 nata
596 2959 673 3014 sunt.
710 2950 749 3018 ir.
774 2958 807 3016 7:
844 2954 996 3016 Sublimen
1020 2953 1095 3013 alios
1117 2953 1149 3012 in
1171 2955 1266 3014 saltus
1288 2955 1333 3014 in·

176 3051 270 3126 licite,
294 3051 344 3118 nbi
373 3050 465 3122 Quasi
492 3050 615 3124 bipedes
638 3053 775 3114 volueres
803 3051 864 3113 nuo
891 3052 1029 3125 linquant
1050 3050 1170 3110 lumina.
1215 3044 1253 3110 fr.
1279 3053 1333 3111 ll:

176 3148 225 3210 dio
249 3164 306 3221 quo
329 3153 419 3219 puoto
443 3164 509 3208 eum
531 3149 621 3221 potiti
642 3149 721 3211 sitis:
738 3165 883 3223 purpurano
899 3165 937 3208 au
951 3147 1045 3208 totis:
1067 3141 1332 3225 Lyenrg.ir.15:

177 3246 231 3310 sed
260 3245 346 3318 quasi
373 3246 468 3306 amnis
493 3245 600 3319 rapide
627 3251 727 3312 tamen
752 3247 866 3319 iuflsuu
891 3245 1033 3306 flectitur.
1069 3240 1108 3306 fr.
1139 3247 1193 3306 17:
1226 3261 1334 3320 aquam

175 3342 315 3406 creterris
338 3359 455 3402 sumere
478 3360 515 3402 ex
538 3341 629 3404 fonte.
659 3337 697 3405 ir.
721 3343 776 3406 20:
804 3351 837 3405 nt
860 3343 976 3404 videam
997 3343 1123 3404 Volcani
1145 3359 1239 3416 opera
1258 3343 1333 3402 haee

176 3440 305 3513 flammis
326 3439 392 3500 fieri
415 3439 498 3500 flora.
531 3435 570 3502 fr.
596 3442 650 3502 22:
679 3441 743 3502 lsm
765 3444 837 3504 eolis
856 3445 940 3502 aeaut
962 3442 1075 3504 candor
1097 3456 1165 3500 oum
1186 3441 1333 3514 liquasse·

176 3544 235 3600 ret.
257 3533 297 3600 ir.
321 3539 403 3615 trag.
425 3535 486 3600 ino.
511 3539 544 3600 5:
568 3544 635 3598 erat
657 3535 784 3601 amiotus
807 3540 946 3613 spurtus.
969 3535 1068 3600 Nasu.
1092 3534 1221 3600 Ariolus
1242 3533 1279 3598 fr.
1303 3539 1332 3609 2,

179 3651 208 3698 v.
233 3637 289 3698 22:
311 3632 421 3706 Susura
443 3641 585 3710 utrosque
609 3679 689 3698 ....
713 3635 813 3698 deouit
836 3644 978 3714 aoooptoe
1000 3637 1073 3698 ribo.
1097 3631 1273 3698 Tarentilla
1294 3629 1332 3696 ir.

181 3734 209 3806 1,
231 3747 261 3794 v.
286 3734 341 3794 71:
366 3732 449 3804 Quae
472 3749 527 3806 ego
550 3734 580 3792 in
603 3733 723 3796 theatro
745 3733 794 3795 hio
815 3735 888 3796 usu
909 3735 1034 3809 probavi
1051 3733 1218 3806 mustus.
1242 3729 1280 3794 ir.
1304 3733 1333 3808 2,

178 3844 208 3892 v.
233 3832 287 3892 to:
311 3837 343 3888 at
364 3835 465 3890 tamen
486 3830 538 3890 aiii
559 3846 612 3890 eun
635 3831 687 3892 dat
708 3830 802 3905 tustra
823 3833 951 3894 litteras.
975 3827 1179 3896 Tunicularia
1200 3826 1238 3890 fr.
1257 3832 1284 3903 1,
1304 3843 1333 3892 v.

182 3928 240 3990 101
265 3941 325 4004 sq.:
350 3929 560 3988 circumtectus
583 3927 722 4002 tructus
744 3930 838 3990 Lares
859 3931 989 3992 ludentis
1007 3929 1078 4002 paru·
1099 3928 1195 4003 pinxit
1217 3926 1331 3990 Muto.

178 4019 246 4087 Ino.
285 4038 363 4088 tom.
407 4018 519 4102 fragm.
558 4027 592 4091 3:
639 4027 689 4100 qui
726 4043 775 4092 res
812 4043 933 4103 magnas
969 4043 1064 4088 uranu
1111 4041 1200 4098 saepe
1242 4024 1335 4098 gessit

179 4121 320 4194 gloriosa.
365 4118 418 4182 Fr.
443 4123 478 4184 o:
513 4122 627 4183 Libera
655 4123 760 4196 nuqua
792 4127 956 4198 loquemur.
1002 4119 1122 4186 Fabius
1150 4118 1258 4182 Pictor
1281 4135 1334 4198 ap.

181 4213 300 4294 Egger.
324 4233 355 4296 p.
382 4219 462 4280 loo:
486 4220 576 4292 Equo
598 4219 707 4280 dialem
729 4219 879 4282 flaminem
902 4222 971 4284 vehi
991 4221 1098 4294 religio
1121 4223 1175 4278 est.
1198 4213 1286 4278 Idem
1303 4232 1333 4294 p.
