3004 4764
152 181 156 185 ²
202 201 265 260 350
641 187 919 256 Ι11101111111111111.

202 383 232 432 v.
256 369 312 432 38:
335 371 403 428 ene.
447 363 543 430 Ennii
566 364 734 430 Ambracia
754 361 793 428 ir.
818 369 853 428 3:
877 369 937 428 tute
957 369 1022 442 ipso
1046 373 1178 428 cunetas.
1215 361 1365 445 Lycurgi

200 463 239 531 fr.
265 467 320 529 10:
344 469 404 526 tute
426 465 493 526 seis.
537 461 641 527 Plaut.
666 463 756 542 Capi.
779 461 838 540 III,
862 468 892 540 4,
915 468 971 526 49:
1017 465 1094 538 Quia
1114 466 1175 522 tute
1197 464 1262 536 ipse
1284 479 1364 538 eges

163 575 167 585 ·
201 565 231 624 in
254 565 361 639 patrie.
384 581 412 624 v.
435 564 490 624 57:
514 564 584 638 quin
602 567 663 623 tute
682 565 708 624 is
732 579 774 624 es.
806 558 918 640 Amph.
942 560 984 638 ll,
1011 565 1038 638 1,
1063 564 1116 622 51:
1141 560 1226 620 Sosia
1247 565 1367 634 eumuet

203 663 265 723 ille.
309 657 376 722 Mil.
399 657 442 738 Π,
467 662 495 738 6,
518 665 555 724 4:
601 668 717 736 egomet
745 685 789 708 ==
811 675 870 738 ego
901 658 979 738 ipse.
1025 658 1071 722 Ib.
1094 654 1175 720 Rud.
1198 655 1258 735 ΙΙΙ,
1282 659 1362 732 5,8

202 763 310 822 autem
332 773 391 836 pro
420 755 505 836 vulg.
529 763 639 832 oporiet
659 756 854 822 Ritsehelins
876 755 1037 836 reposuit:
1060 757 1126 816 Non
1150 758 1252 816 hercle
1275 755 1359 828 equi·

201 857 269 916 dam
293 873 410 917 censeo.
455 855 569 934 Amph.
592 854 633 932 11,
658 859 686 930 2,
712 860 785 918 114:
809 861 876 919 tute.
922 852 1013 916 Cure.
1037 852 1062 932 I,
1090 857 1117 931 l,
1140 857 1173 917 9:
1198 855 1273 913 Tute
1298 853 1358 912 tibi

202 970 277 1028 puer
303 971 335 1014 es
356 978 400 1004 =
421 950 490 1030 ipse
513 953 572 1016 tihi
594 953 765 1033 ministras,
788 959 820 1016 te
843 953 912 1032 ipso
936 956 972 1014 ut
995 968 1094 1030 puero
1118 950 1228 1013 uteris.
1274 947 1358 1010 Pro-

200 1049 319 1113 nomini
350 1053 456 1114 autem
484 1049 605 1128 primae
633 1069 789 1129 personae
818 1049 988 1131 singularis
1020 1066 1039 1110 a
1067 1047 1181 1110 Plauto
1211 1063 1358 1110 nonnun-

201 1165 295 1226 quam
325 1149 456 1220 equidem
478 1147 620 1212 additum
643 1155 702 1226 est,
725 1148 764 1212 de
781 1166 844 1228 que
866 1167 901 1210 re
918 1146 989 1210 vide
1004 1144 1215 1210 Ritsehelium
1230 1143 1354 1224 proleg.

201 1244 234 1306 in
256 1243 342 1308 Triu.
364 1262 395 1324 p.
419 1250 553 1310 76—79.
599 1245 651 1310 Sic
677 1246 764 1309 Pers.
787 1246 829 1321 ll,
854 1253 882 1323 2,
907 1251 941 1308 5:

366 1345 522 1420 Equidem,
546 1347 645 1405 sisois
668 1352 730 1406 tute
755 1355 826 1420 quot
848 1347 936 1406 hodie
959 1345 1071 1404 habeas
1088 1344 1194 1418 digitos
1210 1344 1240 1400 in
1255 1359 1355 1414 manu,

366 1446 451 1519 Egon
476 1443 542 1503 dem
561 1445 668 1518 pignus
690 1443 808 1503 tecum?

199 1541 296 1605 Mero.
325 1540 367 1622 ΙΙ,
402 1546 430 1610 Ι,
457 1543 512 1603 4οε
555 1542 661 1601 Amavi
695 1543 831 1616 equidem
858 1544 960 1601 hercle
995 1559 1049 1616 ego
1085 1542 1154 1600 olim
1187 1542 1218 1599 in
1252 1539 1355 1598 adule-

201 1643 325 1703 scentia.

287 1735 482 1800 Pronomina
504 1735 684 1815 personalia
715 1735 810 1800 etiarn
839 1734 908 1800 aliis
931 1735 1169 1816 pronominibus
1199 1732 1273 1796 addi
1295 1750 1355 1812 per

200 1835 432 1914 appositionem
465 1831 544 1896 mhil
576 1831 673 1897 habet
704 1831 892 1898 offensionis.
944 1835 994 1898 Sic
1025 1832 1137 1912 Amph.
1167 1831 1209 1911 II,
1240 1836 1267 1909 1,
1297 1835 1351 1893 51:

200 1935 286 1993 Sosia
307 1941 424 2008 egomet
446 1935 507 1992 ille.
552 1929 593 1993 ib.
616 1947 645 1992 v.
670 1934 724 1993 54:
767 1933 870 2006 Neque
895 1937 940 1993 lac
964 1936 1036 1994 laeti
1063 1935 1156 2008 magis
1188 1938 1234 1991 est
1257 1933 1353 1993 simile

200 2049 286 2103 quam
321 2031 372 2090 iiie
402 2045 453 2104 eqo
487 2030 591 2089 similis
626 2036 673 2089 est
704 2031 772 2089 mai.
824 2027 952 2092 Terent.
987 2028 1120 2109 Adelph.
1155 2026 1220 2108 ΙΙΙ,
1259 2033 1289 2108 l,
1319 2032 1351 2090 2:

199 2145 266 2188 meu
288 2133 330 2186 tu.

284 2228 312 2287 3.
353 2225 480 2284 denteri
502 2221 646 2300 exempla
669 2224 743 2286 sunt
765 2221 856 2286 haec:
880 2221 982 2286 Plani.
1005 2222 1121 2288 Pseud.
1144 2222 1169 2304 Ι,
1196 2228 1222 2301 l,
1247 2227 1266 2286 3
1290 2241 1351 2301 sq:

360 2325 492 2383 Duorum
513 2323 610 2383 labori
632 2339 686 2398 epo
709 2323 858 2382 hominum
880 2325 1041 2399 parsissem
1064 2326 1185 2384 lubens:

360 2422 424 2481 Mei
445 2428 475 2480 te
497 2421 622 2495 rogandi
644 2425 675 2478 et
698 2421 736 2480 tis
757 2423 958 2496 respondendi
981 2423 1062 2496 mihi,
1161 2442 1164 2446 ’

197 2516 277 2596 deq.
292 2516 313 2580 l.
326 2517 452 2582 Laden.
469 2514 621 2579 Zeitsehr.
647 2513 669 2578 f.
686 2515 751 2580 Alt.
778 2522 869 2598 1842,
892 2536 922 2598 p.
943 2523 1021 2582 1071
1048 2528 1136 2582 reete
1152 2515 1228 2581 dicit
1242 2519 1299 2577 mei
1319 2520 1352 2580 et

198 2616 237 2676 tie
254 2632 317 2679 non
333 2633 404 2679 esse
417 2633 486 2678 oum
508 2615 608 2674 uberi
623 2613 855 2694 coniungenda,
873 2623 909 2680 ut
920 2618 987 2681 vioe
1001 2615 1175 2696 iungantur
1189 2614 1348 2693 pronomi-

197 2731 271 2776 num
287 2711 551 2794 possessivorum,
568 2710 625 2774 sed
639 2713 849 2791 appositionis
865 2715 966 2779 instar
974 2713 1083 2776 addita
1092 2731 1161 2777 esse
1170 2713 1211 2776 ad
1222 2714 1348 2774 duorum

197 2813 359 2889 luminum,
383 2810 468 2889 quod
491 2807 594 2873 estin
622 2826 717 2872 versu
739 2811 854 2890 priora.
898 2812 1025 2876 Terent.
1049 2812 1163 2875 Heaut.
1193 2809 1231 2886 V,
1254 2816 1284 2888 4,
1310 2815 1348 2872 δε

196 2912 294 2985 Atque
318 2912 415 2984 inopis
439 2928 517 2970 nune
539 2917 569 2968 te
592 2909 766 2971 miserescat
789 2915 855 2972 mei·
894 2910 1009 2972 Heaut.
1032 2908 1074 2988 ΙΙ,
1097 2915 1127 2988 4,
1154 2913 1207 2973 13:
1238 2910 1349 2982 Quoius

196 3023 259 3068 mos
280 3014 444 3067 maxumest
466 3010 628 3069 consimilis
651 3018 791 3078 vostrum,
815 3008 853 3071 de
866 3024 929 3086 quo
945 3006 1015 3070 loco
1038 3013 1124 3070 errat
1146 3005 1292 3069 Ruddim.
1305 3003 1348 3079 II,

195 3121 225 3182 p.
251 3106 288 3166 51
314 3102 422 3167 dicens
445 3104 602 3183 genitivos
624 3104 766 3184 plurales
788 3112 920 3166 ausuum
942 3110 974 3166 et
989 3111 1118 3166 oestrum
1142 3123 1239 3168 sensu
1254 3104 1349 3183 plane

196 3199 300 3264 activo
334 3199 384 3262 vel
417 3201 596 3278 possessivo
631 3220 867 3282 nonnumquam
903 3201 1061 3266 adhibitos
1098 3201 1247 3265 inveniri:
1286 3218 1349 3266 non

198 3297 280 3361 enim
303 3297 343 3360 ad
365 3305 497 3360 vostrum
515 3303 624 3362 mente
644 3301 821 3364 addendum
846 3291 895 3362 est
916 3303 1001 3377 inore,
1026 3300 1090 3377 sed,
1109 3306 1145 3362 ut
1158 3317 1254 3378 saepe
1269 3296 1348 3362 fitin

197 3395 433 3473 comparatione
467 3400 501 3457 et
522 3396 608 3475 apud
636 3396 777 3462 Graecos
807 3403 840 3460 et
862 3398 945 3476 apud
968 3397 1114 3474 Latinos,
1143 3404 1347 3476 eomparatur

195 3509 267 3555 eum
295 3510 432 3571 persone
461 3492 530 3572 ipsa
559 3493 592 3556 id
622 3495 707 3572 quod
735 3495 870 3559 ulterius
905 3513 1059 3574 personae
1094 3495 1258 3573 proprium
1287 3498 1345 3558 est

194 3588 302 3652 Nihilo
324 3589 428 3653 minus
444 3594 550 3654 tamen
566 3591 698 3671 genitivi
713 3593 931 3672 pronominum
944 3592 1157 3671 personalium
1173 3591 1346 3656 formarum

194 3685 347 3766 originem
378 3703 416 3750 ex
444 3689 699 3767 pronominibus·
707 3691 898 3770 possessivis
921 3689 1138 3753 deducendam
1169 3708 1240 3754 esse
1272 3707 1349 3753 vera

194 3786 244 3848 est
267 3784 424 3848 sententia
447 3783 611 3848 Schmidtii
635 3787 673 3850 de
696 3787 880 3867 pronomine
903 3806 933 3868 p.
959 3794 988 3863 9,
1013 3807 1084 3852 eum
1106 3805 1167 3866 quo
1191 3787 1348 3850 consentit

194 3882 290 3944 etiam
312 3880 491 3962 Madvigius
518 3883 550 3945 in
574 3886 780 3963 grammatica
803 3886 911 3948 latina.
936 3885 1105 3966 Colligitur
1127 3883 1186 3948 hoe
1215 3903 1285 3950 eum
1308 3903 1347 3948 ex

192 3980 372 4060 linguarum
396 3983 630 4060 comparatione
645 3987 711 4045 tum
730 4001 768 4045 ex
785 4001 832 4061 eo,
856 3985 940 4062 quod
964 3983 1048 4064 apud
1070 3983 1191 4061 priscos
1213 3983 1346 4063 scripto-

193 4097 244 4143 res
267 4097 493 4158 nonnunquam
517 4080 610 4142 etiam
633 4086 817 4150 nostrorum,
839 4087 1014 4150 nostrorum,
1036 4086 1205 4142 uestrarum
1227 4081 1347 4144 inveni·

193 4181 256 4252 tur,
280 4177 326 4240 itu
345 4182 381 4239 ut
396 4195 497 4256 genus
519 4177 683 4242 etiamtum
706 4177 932 4259 distinguatur,
956 4198 1013 4259 pro
1030 4179 1146 4258 quihus
1163 4179 1270 4242 turmis
1290 4196 1346 4258 po·
