3064 4754
468 267 557 309 chaus
571 266 841 310 sunsraurruosurt.
861 289 882 300 -
900 267 1004 309 ΔΒΙιΔΙ.
1250 273 1312 332 177

161 439 287 505 tissime
317 457 387 504 enm
416 441 487 522 ipso
514 439 658 508 subiecto
687 438 919 506 enuneIationir
947 439 1079 520 eiusque
1106 455 1185 504 vera
1210 435 1317 502 indole

162 542 197 603 et
211 543 329 602 natura
345 537 546 604 cohaereant,
569 557 597 604 a.
618 541 780 602 suedas
795 539 950 616 adopts,
973 535 1046 601 Huc
1067 534 1208 616 pertinet
1230 533 1319 599 abla-

165 635 260 711 tivus,
284 634 339 714 qui
361 636 479 702 dieitur
501 639 637 714 oriptuts,
661 637 715 717 qui
731 635 878 717 exprimit
893 635 1072 717 genitorem
1085 631 1138 696 vel
1152 630 1318 697 materiem

162 731 346 814 gignentem
369 740 402 798 et
424 739 658 815 procreantem,
692 733 747 814 qui
768 732 912 814 iungitur
941 749 1013 799 eum
1038 729 1146 796 vorbis
1167 734 1316 811 4444444414,

162 833 313 910 ptyaeade',
336 835 462 902 ortandi,
485 848 548 912 quo
565 833 728 912 pertinent
744 831 841 896 etiam
853 849 922 910 esse,
944 832 1052 906 soree,
1074 829 1151 907 fieri,
1175 832 1317 892 autnon

163 927 276 992 addita
305 930 542 1009 praepositione
569 935 628 994 aut
657 927 774 993 additis
801 925 1091 1009 praepositionibus
1113 944 1162 995 44,
1189 926 1238 994 da,
1269 927 1316 990 oh.

164 1024 264 1089 Naev.
288 1025 425 1107 Lycurg.
455 1025 493 1091 fr.
517 1032 572 1092 21:
606 1030 745 1104 Dryante
766 1045 866 1104 regem
884 1030 1066 1100 propnetam
1082 1028 1179 1098 patre.
1223 1019 1320 1086 Ennii

163 1121 312 1204 Thyestis
346 1121 384 1186 fr.
409 1128 445 1188 6:
479 1128 606 1189 Tantalo
627 1133 800 1202 prognatus,
823 1127 934 1200 Pelope
956 1129 1051 1184 natus.
1096 1118 1191 1184 Ennii
1214 1120 1317 1184 annal.

164 1221 224 1286 Ine.
250 1221 334 1285 sedis
356 1219 468 1302 fragm.
496 1226 575 1287 140:
601 1224 733 1285 Saturno
757 1230 859 1284 saneto
882 1226 987 1284 444444.
1029 1215 1200 1282 Erechthei
1222 1215 1260 1280 fr.
1286 1221 1318 1281 2:

164 1322 265 1380 Erebo
288 1325 389 1380 ereata
410 1321 501 1382 fuseIs
526 1324 657 1383 crinibus
679 1323 754 1382 Nox.
801 1318 896 1382 Ennii
918 1316 1019 1382 annal.
1045 1315 1066 1379 I.
1088 1313 1177 1394 VIII,
1199 1312 1236 1377 fr.
1262 1319 1319 1378 24:

164 1419 280 1478 Poenos
304 1419 423 1478 Didone
445 1421 595 1482 ortartdos.
641 1403 736 1481 Ennii
760 1415 862 1482 annal.
891 1415 911 1479 l.
935 1414 961 1494 I,
998 1411 1035 1477 fr.
1060 1416 1110 1491 72,
1144 1428 1171 1474 v.
1198 1416 1319 1475 117:o

166 1533 297 1590 sanguen
320 1516 366 1576 de's
387 1517 556 1578 edendam.
603 1515 697 1580 Ennii
719 1513 821 1578 annal.
844 1512 864 1577 l.
888 1511 913 1591 I,
949 1531 978 1576 v.
1003 1515 1057 1575 53:
1095 1513 1137 1570 Te
1164 1511 1320 1571 automata

164 1631 274 1690 precor
297 1615 406 1675 Venus.
451 1611 546 1676 Ennii
568 1613 671 1677 annal.
695 1612 715 1676 l.
739 1611 765 1690 I,
788 1610 826 1676 ir.
851 1615 910 1675 29:
944 1610 1095 1670 Assaraco
1117 1611 1206 1668 aetas
1229 1607 1318 1682 Gapia

165 1713 302 1786 optimus.
327 1709 430 1772 Plant.
454 1711 567 1791 Amph.
590 1710 650 1790 III,
677 1717 702 1789 l,
729 1714 768 1774 18
790 1728 851 1789 sq:
875 1717 905 1770 et
927 1709 1005 1784 quod
1028 1707 1178 1781 gravidast
1198 1705 1321 1763 4444114

163 1810 311 1884 mequod
334 1810 492 1885 gravidast.
522 1808 613 1888 Epid.
636 1808 674 1888 V,
701 1814 727 1887 l,
752 1813 806 1873 35:
835 1809 904 1868 istit
926 1805 1021 1866 trater
1043 1803 1106 1862 aliu
1127 1806 1233 1868 matre,
1260 1817 1319 1860 auo
1351 1839 1375 1850 -.
1471 1835 1475 1846 .

159 1913 259 1982 patre.
281 1904 378 1968 Poen.
403 1905 440 1983 V,
464 1913 494 1984 4,
520 1911 573 1970 31:
596 1910 664 1968 Non
686 1924 718 1967 eo
741 1925 839 1968 sumus
853 1906 1022 1978 praenotat
1042 1915 1155 1975 944444.
1179 1896 1251 1959 Aul.
1275 1893 1317 1974 II,

39 2031 43 2036 ·
167 2011 196 2085 2,
222 2010 277 2068 35:
302 2005 360 2064 Die
382 2007 431 2082 mi,
454 2007 537 2078 quoti
559 2023 605 2066 me
630 2007 760 2066 abitrare
782 2020 888 2078 peoora
903 1996 1108 2074 propudium?
1145 1991 1213 2058 ΕΠ.
1236 1997 1321 2056 hono.

165 2108 281 2174 Pseud.
306 2107 331 2186 I,
357 2105 386 2179 3,
412 2104 486 2164 122:
510 2106 586 2164 istoe
609 2121 720 2180 genere
742 2108 859 2178 gnatus.
882 2094 997 2161 Pseud.
1020 2112 1049 2157 v.
1074 2096 1150 2156 590:
1178 2094 1242 2169 Quo
1267 2093 1323 2152 sim

166 2225 273 2284 qaaere
293 2212 411 2280 paetus.
440 2197 525 2263 Men.
548 2199 591 2277 II,
616 2204 644 2280 3,
670 2204 721 2263 56:
749 2200 873 2260 Moscho
896 2199 1072 2270 prognatum
1096 2197 1191 2267 patre.
1229 2186 1267 2266 V,
1292 2191 1322 2264 9,

170 2309 224 2370 19:
249 2307 299 2365 Me
323 2322 388 2365 esse
413 2304 493 2371 dieo,
516 2301 638 2361 Moscho
656 2301 839 2373 propnetam
855 2298 953 2367 putre.
977 2308 1005 2353 v.
1029 2292 1070 2351 20
1087 2303 1148 2365 sq:
1173 2288 1238 2346 Tun
1260 2303 1323 2346 meo

163 2403 276 2477 potre's
291 2398 479 2476 prophatae?
524 2394 625 2459 MEN.
649 2393 673 2457 1.
719 2398 810 2455 Immo
834 2391 984 2466 equidem,
1022 2387 1212 2458 adulescens,
1250 2400 1322 2446 meo.

170 2497 254 2563 Men.
278 2497 316 2578 V,
340 2503 368 2576 9,
391 2501 447 2560 44:
471 2513 534 2557 aaa
556 2497 652 2554 matre
672 2497 758 2554 notos
780 2499 812 2551 et
827 2493 917 2564 patre
938 2504 1006 2548 ano.
1032 2480 1126 2544 Most.
1149 2479 1188 2559 V,
1212 2483 1241 2555 2,
1265 2483 1320 2542 204
1392 2502 1399 2512 .

170 2599 291 2658 summis
313 2599 395 2672 gnati
418 2596 584 2670 generibus.
608 2589 695 2653 Pers.
719 2606 747 2650 v.
772 2591 850 2651 252:
874 2589 938 2660 Ope
961 2589 1059 2659 gnato.
1080 2577 1168 2642 Pers.
1193 2595 1221 2640 u.
1247 2579 1323 2640 ost:

169 2699 234 2773 Quo
257 2711 360 2769 444444
383 2700 434 2754 aut
457 2709 515 2768 qua
535 2693 565 2749 in
588 2689 688 2764 patria
708 2691 783 2747 autu
806 2686 847 2744 sit
867 2690 919 2744 aut
941 2675 1247 2754 temperantibus,
1270 2672 1324 2736 ubi

172 2791 268 2856 etiem
296 2808 477 2865 quoquam
506 2805 570 2851 non
594 2784 698 2850 solum
721 2781 761 2846 ad
792 2783 832 2842 stt
853 2784 903 2844 est
924 2773 1124 2842 referendum
1142 2772 1221 2844 (tum
1240 2772 1325 2832 esset

173 2888 235 2953 ahl.
259 2887 399 2962 habitus)
424 2886 480 2950 sed
503 2885 542 2948 ad
565 2890 640 2945 auto
661 2885 706 2944 stt.
730 2878 786 2957 IV,
809 2885 839 2956 4,
865 2883 922 2942 93:
945 2879 1028 2936 Haeo
1051 2873 1110 2933 erit
1132 2871 1205 2928 hono
1221 2882 1326 2943 qaaere
1375 2948 1378 2958 .

170 2993 253 3049 eata.
277 2985 374 3050 Mene.
398 2985 436 3062 V,
459 2989 488 3058 4,
512 2987 546 3046 8:
572 2984 628 3057 Qui
644 2983 718 3042 tono
740 2984 810 3039 suut
829 2993 935 3052 paoem
956 2973 1029 3032 aad.
1055 2966 1181 3031 Terent.
1198 2962 1325 3026 Phorm.

173 3086 200 3165 I,
224 3091 253 3164 2,
277 3087 331 3148 65:
354 3086 435 3144 illam
459 3083 551 3142 civem
574 3098 640 3141 esse
663 3079 794 3139 Atticam
815 3078 923 3136 bonam
946 3069 1028 3130 honis
1044 3067 1234 3140 propnetam.

182 3183 183 3186 ’
258 3179 353 3245 Ennii
376 3177 478 3243 annal.
504 3177 525 3240 I.
548 3176 590 3256 ΙΙ,
614 3175 652 3240 fr.
675 3181 695 3238 4
718 3193 767 3254 ap.
799 3171 886 3235 Fest.
915 3186 944 3247 p.
971 3167 1028 3227 161
1054 3160 1111 3225 Μ.;
1135 3162 1167 3220 Si
1189 3160 1327 3234 quidue

174 3282 268 3356 faerit
288 3280 456 3339 humanitus
479 3283 512 3336 ut
534 3279 673 3348 teneatis,
697 3271 737 3334 ad
760 3287 787 3349 q.
811 3267 831 3331 l.
870 3262 1039 3329 Daeerius:
1071 3253 1270 3338 „sententiat
1301 3251 1329 3316 si

175 3394 261 3441 mors
285 3373 362 3438 mihi
385 3372 531 3451 contigit,
556 3388 628 3435 nam
652 3386 724 3432 eum
746 3368 882 3429 mortem
905 3356 1129 3439 designabant,
1156 3352 1329 3416 humanum

180 3490 338 3553 usurpare
360 3470 506 3536 solebant
527 3471 667 3542 veteres,
706 3464 732 3529 si
767 3461 843 3542 quid
872 3455 1002 3522 humani
1031 3452 1108 3517 mihi
1131 3448 1268 3524 aecidat,
1303 3445 1331 3508 si

177 3571 254 3652 quid
276 3568 460 3633 humanitus
482 3563 636 3630 accidat.“
674 3561 758 3626 Male
781 3563 889 3623 autem
910 3552 1067 3618 Daeerios
1096 3546 1182 3612 istud
1205 3563 1250 3605 me
1272 3558 1330 3620 pro

177 3666 360 3733 accusativo
384 3664 508 3745 accipit.
535 3662 639 3728 Plaut.
663 3658 777 3724 Boeeh.
798 3656 840 3727 II,
865 3660 893 3730 3,
919 3653 994 3715 100:
1017 3649 1123 3710 Naeeit
1146 3645 1215 3720 quid
1236 3642 1333 3715 sudat

181 3785 266 3829 auro.
306 3761 397 3843 Capt.
420 3761 460 3841 V,
486 3768 512 3840 l,
536 3765 591 3826 30:
630 3763 697 3822 volo
724 3759 892 3831 Erogitare,
914 3765 976 3810 meo
998 3749 1112 3806 minore
1134 3745 1204 3820 qnid
1226 3743 1266 3800 sit
1286 3739 1333 3811 so-

176 3869 256 3925 otom
278 3864 351 3935 titio.
397 3858 482 3923 Trin.
505 3859 531 3938 I,
555 3862 584 3937 2,
611 3860 683 3919 120:
707 3853 810 3930 Siquid
832 3869 863 3912 4ο
886 3848 988 3924 faerit,
1016 3843 1056 3907 ad
1078 3859 1108 3922 q.
1131 3840 1152 3904 l.
1175 3835 1332 3901 Lindem:
1430 3917 1445 3936 ε

177 3959 226 4038 „si
248 3957 326 4038 quid
341 3958 371 4022 ei
386 3955 547 4021 aeeiderIt.
571 3959 647 4018 Esse
670 3952 762 4029 enim,
785 3952 822 4014 ut
844 3949 949 4020 forme,
971 3943 1047 4016 fiori,
1069 3935 1208 4003 ablativo
1229 3931 1334 4011 iungi-

178 4060 324 4120 turrem
347 4059 475 4133 notans,
499 4070 581 4133 quae
603 4052 636 4114 in
658 4050 764 4129 aliquo
788 4043 916 4120 accidit,
945 4039 1000 4103 ubi
1022 4053 1079 4100 nos
1102 4033 1249 4099 dicimus:
1277 4025 1336 4090 mit

176 4151 340 4240 irruenter
365 4150 530 4235 outuuqon.
575 4151 654 4228 Quid
681 4165 727 4207 me
749 4145 817 4218 det?
854 4132 1003 4218 mostell
1031 4135 1091 4196 ouo
1113 4129 1172 4194 mir
1194 4122 1335 4192 merhout

177 4253 310 4329 Quidue
337 4249 469 4324 suetam?
503 4249 573 4312 mot
601 4241 657 4328 too
689 4242 730 4323 tq
758 4238 815 4304 adt
843 4237 890 4302 eu
921 4229 1096 4314 uuiouqeut
1135 4229 1167 4290 st
1195 4224 1266 4300 quid
1291 4239 1338 4280 me

231 4351 315 4398 noun,
332 4350 442 4401 synaxes.
467 4349 484 4388 1.
537 4393 539 4398 Ι
1084 4336 1122 4392 12
