3004 4764
226 305 290 364 402
690 291 816 336 raonem.
838 292 903 336 ean.
916 289 955 332 vr.

228 471 287 532 erit
309 469 456 547 morigero
477 476 510 532 et
533 477 602 532 voto
623 473 787 545 quicquum,
808 467 864 534 nbi
879 466 1018 531 Klueenn.
1042 481 1071 547 p.
1092 465 1152 528 lin
1167 459 1248 527 citat
1261 461 1396 526 Donat.

228 571 262 632 ct
280 563 479 632 Westerhov.
499 565 540 632 ad
555 566 680 634 Terent.
696 567 776 633 Eun.
793 564 835 645 11,
858 569 887 640 3,
910 568 960 628 di.
1004 563 1177 628 nueuuer.
1198 557 1267 622 Liv.
1283 557 1392 622 Andr.

227 663 339 745 fragm.
361 681 392 742 p.
408 665 457 729 92.
502 661 578 729 cur.
601 664 627 745 Ι,
654 669 681 746 l,
705 669 760 730 68:
782 682 879 742 neque
899 665 1056 738 quaequam
1077 661 1137 722 alia
1157 659 1274 719 mulier.
1311 653 1391 718 Mil.

227 761 274 827 1v
276 811 283 841 ‚
300 767 330 840 2,
354 765 414 825 68:
438 765 507 826 Non
523 765 571 824 hic
587 781 640 826 auo
655 765 779 825 suminio
794 778 967 836 quemquam
981 761 1145 836 porcellum
1159 757 1392 832 inpertltnrust.
1469 831 1470 834 Ἴ

228 858 309 924 auo.
328 857 371 939 11,
394 863 423 938 3,
447 863 506 924 75:
530 863 634 937 Neque
657 862 822 940 digniorem
844 874 949 922 censes
972 859 1082 920 vidisse
1104 871 1196 916 amem
1217 871 1266 915 ma
1286 870 1395 927 queau-

228 975 327 1033 qaam.
371 955 500 1024 Terent.
524 957 604 1022 Eun.
628 958 672 1038 ΙΙ,
692 961 721 1037 3,
744 961 802 1022 82:
828 955 1070 1033 Quandoquidem
1093 956 1212 1015 illarum
1233 966 1331 1027 neque
1356 961 1392 1012 te

228 1057 386 1132 qaisquam
415 1061 498 1119 novit
528 1075 584 1120 uec
616 1060 674 1120 scit
701 1059 750 1134 qui
777 1060 853 1131 sies,
897 1052 935 1118 ci.
963 1050 1088 1116 Ruhnk.
1118 1049 1160 1114 ad
1189 1046 1249 1112 Iul.
1277 1047 1388 1113 Rufin.

232 1157 275 1234 (p.
300 1155 361 1218 262
384 1151 482 1217 Rutil.
504 1152 608 1234 Lon).

316 1249 345 1315 d.
379 1253 541 1330 Quisquam
563 1254 664 1313 addito
685 1253 884 1321 substantioe,
899 1246 1055 1330 ,inprimis
1077 1250 1169 1308 horno.
1206 1243 1305 1310 Nuov.
1322 1245 1391 1310 Ta-

230 1347 376 1413 rentillae
402 1346 440 1413 fr.
466 1354 497 1413 l:
536 1369 712 1427 quemquam
735 1369 844 1427 regem.
892 1345 972 1411 Cato
998 1361 1044 1410 or.
1076 1343 1199 1409 dierum
1224 1343 1386 1408 dictarum

233 1447 273 1512 de
296 1445 462 1512 consulatu
486 1464 544 1512 suo
567 1464 617 1527 op.
642 1445 766 1512 Charis,
790 1449 983 1508 Meturrime:
1017 1444 1155 1506 Laudant
1179 1461 1225 1504 me
1247 1444 1389 1506 maximis

230 1546 382 1623 laudibus,
413 1551 527 1607 tontum
550 1547 681 1620 uarium,
708 1553 822 1608 tautum
846 1546 1024 1618 exercitum,
1052 1547 1166 1604 tentum
1189 1549 1388 1602 commeatum

230 1661 289 1704 uon
306 1645 456 1717 opinatum
477 1659 543 1704 esse
559 1659 732 1717 qacoaqaarn
753 1643 898 1704 homiaem
918 1657 1091 1716 comparare
1111 1641 1255 1715 potuisse.
1287 1637 1387 1703 Ennii

231 1736 334 1803 annal.
362 1737 491 1818 l.1,fr.
517 1741 567 1819 58,
589 1757 619 1803 v.
645 1743 720 1804 100:
757 1742 820 1802 Nec
851 1743 901 1816 pol
929 1740 1013 1798 torm
1035 1739 1190 1811 quisquam
1216 1737 1309 1799 faciet
1338 1741 1386 1798 in-

230 1854 309 1914 pune
334 1839 482 1899 animatus
504 1841 570 1899 Hoc
589 1839 648 1898 uisi
670 1845 711 1898 lu.
755 1835 859 1900 Plaut.
883 1835 964 1900 Ruri
986 1833 1012 1913 Ι,
1037 1839 1065 1914 3,
1088 1837 1144 1898 23:
1178 1838 1242 1898 Nec
1267 1838 1309 1895 mi
1332 1837 1386 1897 ob-

230 1937 307 1997 viam
330 1935 413 1994 tom
435 1936 589 2008 quisquam
611 1938 701 1996 veuit.
725 1939 755 2009 4,
779 1941 812 1997 7:
836 1938 940 2011 Neque
963 1952 1050 2010 quem
1072 1935 1196 2008 rogitem
1223 1951 1387 2010 responso·

231 2049 304 2106 rem,
327 2047 502 2105 quenquam
523 2033 639 2092 interea
663 2031 723 2108 [hic
747 2031 903 2107 tamarem]
929 2032 1057 2093 invenio.
1093 2028 1189 2094 Poen.
1213 2029 1252 2110 V,
1273 2035 1306 2107 4,
1330 2034 1386 2096 32:

232 2131 275 2192 Ut
297 2129 403 2189 deccat·
425 2146 479 2189 noe
508 2127 607 2188 lacere
637 2131 809 2207 quicquam,
843 2131 922 2205 quod
950 2131 1033 2190 haam
1062 2130 1219 2202 quisquam
1243 2131 1381 2192 inrideat

232 2225 325 2290 Tmo.
348 2222 391 2306 Π,
415 2228 444 2303 2,
469 2227 524 2288 52:
554 2227 710 2302 Nunquam
734 2228 839 2302 edepol
861 2228 934 2287 mihi
956 2229 1118 2305 Quisquam
1140 2229 1225 2286 aomo
1247 2233 1382 2291 mortalia

232 2325 359 2402 posthac
382 2325 504 2384 duarum
526 2341 626 2385 rerum
648 2306 773 2388 creduit.
811 2322 897 2387 Asin.
921 2323 975 2399 IV,
1002 2329 1029 2401 1,
1052 2328 1106 2389 34:
1129 2326 1219 2386 Telos
1241 2342 1278 2386 ne
1303 2329 1386 2399 quoi-

232 2439 321 2497 quam
351 2421 505 2482 admoveat
527 2421 639 2482 homini
660 2425 718 2484 uisi
739 2424 802 2484 tibi.
846 2419 911 2486 Mil.
927 2420 970 2499 11,
994 2425 1024 2501 6,
1047 2423 1291 2498 57:1iumquam
1315 2425 1384 2484 ede-

232 2527 282 2596 pol
308 2521 454 2582 homiaem
475 2535 649 2593 quemquam
671 2521 854 2582 ludificarier
876 2523 972 2597 Magis
1000 2521 1099 2581 facete
1125 2521 1199 2594 vidi,
1232 2537 1262 2583 v.
1285 2519 1384 2584 naas.

233 2615 274 2681 ad
300 2615 418 2696 Reisig.
446 2633 476 2696 p.
508 2619 583 2694 347,
616 2616 720 2681 adnot.
753 2621 823 2682 361.
867 2615 982 2683 Bacch.
1010 2615 1036 2694 1,
1066 2620 1095 2696 2,
1123 2621 1178 2680 44:
1216 2620 1383 2696 Magistrou

232 2731 407 2790 quemquam
429 2716 604 2790 dearctare
625 2716 811 2776 minitarier?
855 2713 948 2780 Truc.
969 2713 1010 2784 ΙΙ,
1036 2719 1063 2792 1,
1085 2717 1139 2778 28:
1163 2717 1239 2776 Nam
1262 2725 1382 2780 ecastor

233 2829 382 2889 uunquam
401 2815 473 2874 eatis
490 2813 573 2874 dedit
588 2830 657 2874 suae
673 2814 829 2886 quiequam
845 2816 956 2874 amicae
972 2817 1096 2876 amour.
1134 2811 1262 2877 Terent.
1282 2814 1381 2878 Andr.

234 2911 259 2992 Ι,
283 2917 312 2990 5,
337 2911 391 2973 10:
426 2912 520 2972 adeon
547 2911 691 2972 homiaem
718 2929 783 2972 csse
812 2914 998 2972 invenustum
1025 2919 1076 2971 aut
1104 2912 1254 2974 infelicem
1285 2931 1382 2988 quem-

233 3013 328 3087 quam,
361 3014 394 3067 ut
416 3025 471 3084 ego
493 3010 572 3069 sumt
616 3004 749 3086 Adelph.
766 3004 791 3081 1,
817 3011 845 3087 1,
871 3011 923 3071 13:
946 3025 1157 3092 quoeunquouaue
1179 3012 1326 3071 homiaem
1349 3013 1382 3070 iu

233 3117 362 3171 animum
384 3107 551 3169 instituere.
597 3104 718 3170 Eodem
746 3104 839 3168 modo
866 3108 1023 3180 quicquam
1050 3105 1153 3171 Plani.
1184 3105 1380 3172 Menaechm.

232 3205 292 3287 111,
317 3209 345 3284 1,
368 3207 402 3268 2:
424 3205 590 3280 Numquam
609 3207 765 3280 quaequam
786 3205 905 3276 sociaco
926 3206 986 3266 ieci
1007 3207 1101 3281 peius.

317 3321 345 3368 e.
383 3303 544 3382 Quicquam
566 3303 636 3364 otiis
651 3303 877 3376 pronominatur
899 3304 1079 3366 adauctum.
1123 3301 1227 3368 Plani.
1251 3303 1321 3368 Aul.
1337 3303 1377 3385 V,

232 3409 266 3471 3:
288 3403 362 3484 Quia
382 3419 429 3462 me
445 3401 570 3462 Athenis
588 3419 666 3461 nunc
682 3417 765 3475 mage
786 3401 971 3476 quisquamst
991 3403 1088 3476 homo,
1112 3403 1163 3462 oui
1181 3404 1211 3463 di
1232 3405 1291 3464 sint
1310 3421 1378 3478 pro·

230 3502 318 3580 pitii?
361 3497 415 3563 Aa.
438 3495 480 3576 Π,
501 3501 531 3578 4,
554 3500 611 3561 85:
645 3515 740 3574 neque
776 3515 821 3558 mo
849 3499 925 3559 aiter
953 3506 1000 3560 est
1028 3501 1155 3562 Athenis
1183 3499 1272 3562 hodie
1300 3500 1378 3574 quio-

230 3617 329 3678 quaau,
353 3599 430 3672 Quoi
453 3598 536 3656 credi
557 3603 640 3657 recte
663 3614 758 3672 aeque
780 3603 894 3671 putent.
940 3591 1020 3659 Cato
1041 3595 1075 3660 in
1089 3595 1126 3660 V.
1149 3596 1266 3678 origga
1291 3600 1374 3672 Quod

230 3717 331 3762 eorum
352 3712 435 3756 amno
452 3694 610 3768 quiequam
630 3695 784 3768 quicquum
807 3695 879 3754 mihi
900 3697 1053 3770 ignoturus
1075 3701 1124 3757 eat
1146 3693 1256 3771 (Prisc.
1277 3695 1322 3774 X,
1343 3711 1373 3772 p.

230 3791 315 3876 886).
360 3788 464 3856 Plaut.
487 3787 558 3854 Cas.
576 3788 659 3870 V,‘'4‚
676 3791 731 3853 29:
754 3791 945 3866 Lepidiorem
965 3809 1089 3854 uxorem
1110 3810 1194 3856 roomo
1215 3796 1374 3868 quosquam,

230 3912 315 3972 quum
340 3909 408 3969 ego,
442 3889 541 3952 habet.
585 3887 712 3952 Terent.
740 3887 819 3950 Eun.
842 3886 885 3968 11,
909 3891 1000 3967 qno
1026 3905 1088 3970 aq:
1122 3892 1179 3954 hue
1207 3901 1291 3952 aeno
1319 3891 1375 3954 tuit

226 3995 326 4054 Minus
348 3991 475 4067 ineptus,
497 3989 590 4065 magis
613 4004 732 4048 severus
754 3987 911 4060 qaisquam
932 4003 989 4048 uec
1010 3991 1103 4065 megia
1129 3989 1293 4052 continens.
1336 3988 1371 4066 V,

227 4093 258 4170 8,
282 4093 316 4152 2:
338 4103 421 4148 uano
442 4088 543 4148 hercle
566 4083 730 4160 quiequam.
776 4079 852 4148 Hec.
873 4082 901 4164 -1,
926 4088 954 4164 1,
979 4088 1034 4148 10:
1053 4089 1130 4148 Nom
1150 4103 1235 4150 aomo
1255 4090 1371 4152 illorum

227 4190 385 4264 qaisquam
413 4187 503 4260 scito,
534 4185 571 4246 ad
597 4189 628 4243 te
654 4183 760 4242 veniet.
806 4179 907 4248 Plaut
935 4181 1049 4246 Bacch.
1077 4181 1132 4262 IV,
1156 4188 1186 4264 9,
1212 4187 1287 4250 113:
1319 4185 1372 4246 Ml

227 4304 283 4362 ego
312 4284 365 4346 tibi
391 4281 478 4342 hodie
506 4281 612 4341 consili
638 4279 795 4352 quiequam
825 4281 909 4342 dubo.
953 4277 1046 4345 Poou.
1075 4278 1134 4362 HI,
1163 4286 1191 4362 1,
1220 4287 1252 4346 1:
1285 4283 1367 4346 tardo
