3064 4754
222 262 286 322 203
655 251 812 297 ιιιιιιιιι.
833 252 897 294 ιιι.
910 251 952 294 ιιι

227 446 316 508 quam
336 447 406 492 mex
426 429 534 506 navigo
552 430 597 493 Ita
617 431 773 506 Εριιιιιι
794 428 856 487 -2
898 423 942 506 Π,
968 430 995 504 1,
1019 429 1052 490 2:
1076 429 1237 504 Postquam
1258 429 1383 493 mee„
1507 405 1508 457 i

210 528 380 610 ,Ephesum
401 527 471 589 ahii.
518 530 548 606 6,
573 530 628 590 16:
657 528 735 600 Quid
758 528 815 587 hoo
838 541 897 602 qua
918 542 1026 586 caussa
1047 542 1115 585 enm
1136 527 1206 586 hinc
1227 528 1262 586 ta
1283 529 1383 601 Ephe·

221 643 292 690 eccm
312 623 491 687 missorem?
534 642 564 688 ι.
589 627 664 688 120:
693 625 792 686 Senex
811 625 845 682 in
865 623 1019 698 Ephesum
1038 623 1108 683 hinc
1130 624 1187 684 ibit
1209 642 1312 686 aurum
1334 643 1382 686 ur-

226 739 357 786 ceatere.
401 717 462 800 111,
490 724 523 798 2,
543 726 580 786 4:
614 723 692 784 Nam
713 728 747 782 ut
768 723 801 780 lec
819 722 975 794 Ephesum
997 721 1065 780 hinc
1088 723 1157 783 abii.
1201 718 1241 784 H.
1264 718 1284 784 l.
1307 719 1384 786 dicit

223 816 386 898 Remigius
413 835 443 898 p.
468 821 531 888 694
559 814 830 898 praepositionem
856 815 997 881 additam
1028 833 1099 882 esse
1132 822 1171 880 ut
1203 821 1383 898 opponatur

224 913 285 982 hoc
308 914 338 979 ei
360 915 447 995 quod
468 914 501 980 in
523 932 620 979 versu
642 913 789 994 sequenti
812 912 1050 994 scriptumest,
1083 933 1121 976 ec
1142 918 1272 990 Epheso.
1315 913 1380 980 Mil.
1508 947 1509 960 .

222 1010 267 1090 11,
287 1016 317 1091 4,
342 1015 397 1076 31:
420 1014 546 1076 Venisse
561 1014 689 1076 Athenio
703 1013 905 1086 temptorum
927 1029 994 1073 cum
1015 1029 1068 1072 suo
1090 1021 1223 1095 amatore
1246 1015 1380 1090 quodam.

223 1107 266 1188 ΙΙ,
292 1115 321 1188 1,
344 1113 400 1173 35:
423 1103 568 1186 'Eamque
595 1111 653 1171 huc
680 1112 804 1170 inritam
828 1110 982 1171 mulierem
1013 1110 1046 1168 io
1068 1111 1223 1182 Ephesum
1252 1112 1379 1172 advehit.

222 1203 319 1272 Most.
335 1205 362 1283 Ι,
388 1211 415 1284 1,
439 1209 493 1270 63:
517 1224 574 1284 ego
594 1209 639 1270 ire
661 1208 696 1265 ln
710 1207 853 1267 Piraeon
875 1208 951 1268 volo.
991 1204 1075 1269 Trin.
1091 1225 1121 1270 v.
1140 1211 1214 1271 112:
1237 1209 1382 1282 Quoniam

224 1306 295 1366 hinc
317 1307 429 1366 iturust
455 1306 538 1382 ipsus
568 1305 601 1363 lo
630 1303 804 1366 Seleuciam.
846 1301 963 1367 Pseud.
986 1301 1041 1382 IV,
1070 1306 1099 1381 6,
1123 1306 1180 1366 36:
1215 1307 1272 1380 Qui
1299 1308 1381 1366 illam

224 1402 344 1480 qudem
365 1403 425 1462 iam
446 1403 479 1460 io
501 1399 658 1462 Stoecmm
680 1403 804 1464 abduxit
825 1402 922 1462 modo.
967 1396 1181 1482 singulariter
1196 1419 1311 1467 nomen
1325 1420 1381 1482 po·

222 1495 291 1578 puli
312 1513 371 1578 pro
395 1500 484 1562 terra
506 1495 584 1562 dicit
601 1496 689 1562 Pers.
713 1517 742 1562 v.
768 1501 847 1561 718:
870 1499 906 1559 In
928 1499 1046 1562 Persas.
1092 1495 1207 1563 Caecil.
1225 1499 1306 1564 Stat.
1330 1517 1379 1580 ap.

211 1592 287 1666 ‚Cic
312 1611 383 1676 epp.
414 1595 455 1658 ad
485 1593 553 1660 htt.
581 1593 652 1670 VII,
676 1599 706 1674 3,
733 1598 785 1662 10:
817 1598 908 1658 Mane
938 1601 971 1656 ιι
999 1612 1036 1656 ex
1061 1604 1151 1671 portu
1178 1599 1212 1656 tte
1237 1598 1381 1660 Piraeeum

224 1689 317 1771 (Cic,
335 1680 442 1770 ¹(prem
464 1691 551 1772 vide,
579 1695 612 1754 iu
633 1691 771 1772 addidit,
800 1691 886 1771 quod
908 1707 971 1758 non
992 1695 1030 1754 ut
1051 1690 1091 1755 de
1114 1692 1230 1773 oppido
1251 1692 1378 1758 locutus

224 1794 284 1870 est,
307 1789 364 1856 sod
386 1793 423 1854 ut
445 1789 484 1854 de
506 1789 599 1868 loco).
628 1821 670 1832 —
697 1787 802 1853 Plaut.
825 1786 939 1874 Amph.
963 1787 990 1867 Ι,
1016 1793 1044 1868 1,
1068 1793 1123 1853 25:
1151 1800 1203 1852 aut
1226 1810 1300 1868 quor
1323 1809 1380 1853 non

222 1891 303 1950 intro
326 1905 362 1948 eo
383 1890 417 1946 lec
438 1891 571 1950 matram
592 1888 729 1950 dmum?
774 1883 864 1966 Capt.
880 1884 935 1962 IV,
957 1892 989 1966 4,
1013 1890 1046 1950 3:
1067 1889 1101 1946 in
1121 1893 1255 1950 metram
1270 1890 1379 1950 -ad-

223 1986 305 2047 venit
330 1985 462 2051 domum
497 1979 534 2046 ct
557 1979 655 2048 Haas
678 1981 720 2046 ad
742 1981 827 2046 Reis.
855 2000 885 2064 p.
911 1986 982 2047 695.
1028 1982 1157 2048 Terent
1179 1985 1262 2050 Eun.
1285 1985 1328 2066 Π,
1352 1990 1380 2063 3,

224 2085 280 2146 91:
303 2083 336 2142 in
358 2081 477 2142 emmo
498 2082 697 2142 meretriciam
712 2082 861 2142 Deducar.
883 2112 926 2122 —
950 2084 977 2144 3.
1001 2078 1085 2146 Item
1108 2082 1282 2161 separatim
1306 2085 1380 2146 sunt

222 2173 387 2242 afferenda
407 2175 507 2240 verba
524 2177 656 2251 ponendi
678 2181 711 2242 et
733 2178 904 2246 collocandi,
928 2177 1078 2256 quoniam
1101 2177 1135 2241 in
1155 2177 1302 2258 plurimis
1325 2178 1380 2244 ho·

223 2292 295 2339 rum
319 2275 353 2340 in
375 2273 501 2354 vulgari
522 2272 675 2354 loquendi
695 2273 818 2339 ratione
840 2276 874 2334 lo
895 2291 967 2338 cum
990 2274 1051 2338 ahl.
1074 2273 1226 2356 iungitur.
1270 2276 1378 2345 Livius
1509 2325 1510 2328 ,

223 2371 426 2438 Andronicus
441 2369 590 2452 Aegisthi
603 2368 641 2438 ir.
659 2375 692 2436 6:
713 2374 748 2432 io
762 2372 842 2434 eccles
857 2371 990 2434 cculccot
1004 2389 1036 2434 se
1050 2374 1158 2447 reptas.
1198 2370 1276 2437 Cato
1292 2373 1328 2438 R.
1340 2373 1376 2438 R.
1510 2383 1511 2402 ¹

167 2527 174 2544 ,
223 2488 248 2536 c.
273 2474 307 2534 6:
335 2473 369 2530 lu
390 2470 480 2531 solem
501 2471 605 2547 ponito
628 2471 758 2531 biduum.
804 2466 837 2533 Ο.
863 2471 917 2532 66:
945 2471 976 2528 in
999 2472 1096 2530 lacum
1118 2473 1231 2546 ponito.
1275 2469 1378 2534 Plaut
1510 2485 1511 2544 f

220 2564 294 2634 Aul.
316 2566 363 2631 IV
364 2610 371 2636 ‚
394 2571 423 2645 8,
447 2569 480 2628 6:
515 2570 667 2643 multoque
695 2569 778 2643 prius
801 2585 847 2628 me
874 2568 1013 2628 collocavi
1038 2569 1072 2626 ln
1094 2569 1235 2629 arborem.
1281 2565 1376 2631 Mero.

220 2661 279 2744 ΙΙΙ,
303 2669 333 2744 2,
356 2669 392 2728 9:
421 2665 455 2723 lo
477 2665 568 2726 otium
590 2667 632 2726 Te
656 2664 794 2726 ccolcccs.
839 2661 953 2727 Bacch.
977 2680 1005 2726 v.
1029 2667 1107 2728 499:
1134 2665 1175 2723 Iu
1197 2670 1224 2724 te
1246 2684 1300 2742 ego
1323 2667 1378 2726 hoc

222 2781 297 2826 onus
320 2780 406 2824 omne
429 2763 546 2835 inpono.
591 2759 672 2824 Rud.
690 2759 734 2838 II,
758 2765 788 2840 5,
812 2764 841 2824 5.
866 2763 900 2823 6:
923 2778 998 2837 queo
1021 2779 1179 2838 numquam
1195 2763 1303 2838 pedem
1319 2765 1377 2824 Vo-

220 2863 305 2922 luisti
326 2846 487 2922 c'n'ocoem
508 2875 623 2918 mecum
645 2859 749 2919 hercle
772 2877 831 2920 una
852 2861 999 2932 imponere.
1031 2856 1121 2922 Pers.
1137 2856 1193 2935 IV,
1210 2861 1239 2936 6,
1256 2863 1289 2922 9:
1312 2862 1377 2921 Huc

219 2958 254 3016 lu
275 2957 394 3032 collum,
418 2957 477 3018 nisi
497 2957 597 3032 piget,
618 2956 750 3030 Impme.
794 2951 889 3018 Most.
915 2951 958 3032 II,
982 2958 1012 3033 2,
1035 2959 1072 3020 4:
1099 2958 1248 3030 inposissc
1270 2959 1301 3017 iu
1323 2976 1376 3017 un-

220 3055 296 3118 dam.
342 3047 468 3119 Terent.
490 3049 587 3116 Andr.
611 3047 637 3127 I,
664 3055 691 3128 1,
717 3053 791 3114 102:
814 3053 849 3112 In
872 3054 970 3128 ignem
992 3055 1161 3130 inpositast.
1194 3085 1231 3095 -
1263 3057 1293 3115 4.
1322 3052 1378 3116 Di·

219 3149 322 3216 rectio
351 3147 528 3228 exprimere
554 3151 664 3227 potest
689 3145 829 3212 animum
857 3145 1007 3212 hostilem
1041 3145 1196 3212 adversus
1222 3166 1290 3212 rem
1322 3151 1378 3213 ¹aut

219 3245 396 3324 hominem,
429 3246 476 3310 ita
502 3249 540 3308 ut
565 3247 599 3305 lu
624 3239 710 3306 idem
737 3243 779 3307 sit
801 3247 897 3324 atque
925 3250 1035 3306 contra.
1080 3245 1180 3324 Legg.
1204 3244 1268 3309 XII
1291 3245 1376 3310 tabl).

219 3341 279 3422 111,
306 3339 344 3406 fr.
369 3347 402 3408 3:
436 3343 512 3403 endo
535 3342 597 3417 ern,
630 3339 715 3420 quod
737 3339 928 3406 Dirksenius
956 3358 987 3420 p.
1012 3345 1073 3406 248
1101 3339 1240 3420 explicat
1266 3358 1324 3422 per
1345 3344 1378 3402 lo

220 3459 300 3520 mm,
323 3441 466 3502 adversus
487 3457 562 3501 euru
608 3435 712 3501 Plaut.
736 3435 849 3517 Amph.
872 3437 899 3517 Ι,
925 3444 951 3518 1,
977 3444 1051 3504 173;
1086 3441 1118 3500 Si
1139 3441 1173 3498 iu
1194 3457 1240 3499 me
1262 3441 1377 3500 exerci-

219 3537 329 3614 turu's‚
353 3555 463 3614 quaeso
485 3536 519 3596 lo
534 3536 682 3610 parictem
704 3542 738 3594 ut
757 3539 884 3611 primum
908 3537 1025 3611 domes,
1055 3535 1097 3600 ad
1119 3552 1149 3614 q.
1171 3534 1193 3600 1.
1216 3534 1376 3600 Lindem:

219 3629 471 3716 „Exspectass'es
500 3633 534 3693 lu
558 3633 680 3708 pariete.
732 3629 795 3697 Sed
821 3631 1023 3699 accusativus
1058 3633 1250 3698 sententiam
1280 3629 1376 3696 elficit

219 3729 313 3796 hanc:
348 3730 489 3792 accerso-s
507 3730 657 3803 parietem
691 3729 872 3792 verberando
899 3733 1010 3800 comes,
1045 3745 1140 3813 peges
1172 3727 1236 3794 cine
1269 3720 1375 3793 lssouh

218 3827 373 3912 tdptogeoh
402 3823 504 3908 pttme
534 3823 599 3906 ‘stef
647 3823 763 3892 Bacch.
784 3843 813 3892 v.
840 3831 914 3892 167:
950 3829 1069 3904 Edepol
1091 3827 1191 3890 fecisti
1213 3827 1324 3890 lurtum
1344 3828 1377 3886 to

219 3932 343 3988 oetatem
364 3928 483 3986 malum.
528 3919 674 4002 Kampm.
696 3940 726 3988 n.
751 3929 805 3990 14:
839 3921 951 4006 „ldem
973 3921 1113 4003 animus,
1148 3941 1210 4004 quo
1233 3923 1305 4005 quis‘
1329 3927 1378 3990 est

219 4023 373 4089 adversus
395 4019 533 4088 alterum
555 4022 612 4084 aut
634 4037 669 4085 se
690 4018 811 4100 ipsum,
837 4019 996 4100 imprimis
1021 4016 1152 4086 dicendo
1176 4025 1210 4086 et
1230 4017 1375 4084 faciendo

212 4117 384 4202 ‘apparet.“
430 4117 481 4183 sic
502 4116 590 4182 Pers.
614 4115 675 4196 III,
701 4123 727 4194 l,
753 4122 807 4180 15:
841 4121 943 4180 Meum
966 4117 1056 4197 opino
1078 4120 1266 4194 imperiumst
1286 4118 1320 4177 lo
1342 4122 1376 4194 tc,

219 4239 277 4281 non
304 4220 337 4276 ie
358 4237 403 4279 mc
426 4219 489 4279 tibi.
534 4214 632 4278 Mero.
655 4231 684 4278 v.
708 4217 785 4278 816:
821 4234 896 4291 quoe
918 4215 952 4274 ln
973 4233 1004 4276 se
1032 4216 1086 4290 (=
1110 4218 1222 4279 contra
1242 4221 1289 4287 se)
1313 4215 1374 4277 cul-
