3064 4754
466 277 555 321 ΟΑΙΙΙΙ
569 274 837 322 mnil'rlvoadll.
851 299 877 310 -
890 279 1029 322 ΔΟΟῦΙΔΤ.

171 445 287 532 Amul·
311 449 353 530 n.
378 453 406 533 1,
428 455 469 520 ee
500 453 550 532 (cf.
574 453 664 520 nine.
686 455 728 521 m
757 453 788 521 n.
811 453 830 520 ι.
855 461 888 522 c
907 453 950 522 sc
971 453 1030 534 111,
1056 459 1083 536 ι,
1112 454 1177 531 nv:
1213 453 1325 532 encres

171 565 228 626 ego
250 550 340 612 hodia
361 553 395 611 in
418 557 532 629 lernam
553 554 623 618 laxo
645 556 706 618 isla
728 562 871 632 expetunt
894 557 1057 619 mendacia.
1091 551 1186 619 Mosa.
1200 569 1229 617 r.
1246 554 1324 620 739:

169 649 316 711 mouson
338 665 405 712 erac
426 683 470 696 -
490 653 525 712 n'n
548 658 668 716 temam.
712 652 801 718 Pers.
823 649 866 731 11,
889 657 919 732 4,
944 655 1001 718 22ε
1025 651 1150 728 defigam
1165 653 1199 712 in
1213 656 1326 713 tenram

97 771 100 778 ⁴
169 747 315 821 colaphis.
358 745 468 828 1v‚e,
493 754 546 815 11:
580 753 668 813 Hunc
694 753 844 814 hominem
872 769 927 828 ego
957 751 1046 814 hodie
1071 751 1107 810 in
1135 753 1325 812 transennam

169 843 266 905 doctis
289 845 426 908 indecem
449 848 536 912 dolis.
559 845 598 926 V,
611 851 641 928 2,
659 852 712 914 18:
734 851 776 912 Ut
797 867 843 911 me
864 851 899 911 in
919 850 1012 912 naeus
1033 845 1208 910 coniecisti?
1229 843 1324 912 Most.

168 937 207 1019 V,
233 945 261 1019 l,
286 944 320 1004 l:
354 945 388 1005 in
409 949 506 1008 lulum
528 947 625 1008 eduxi.
669 943 862 1027 111,s,2o:
895 949 929 1008 in
953 949 1056 1010 arbem
1082 946 1192 1009 veniel
1235 943 1324 1011 Pers.

168 1035 224 1118 IV,
247 1045 277 1119 4,
304 1043 381 1106 109:
397 1061 500 1118 panca
520 1046 554 1105 in
575 1045 666 1107 oenho
688 1045 801 1109 eonier.
845 1043 934 1112 Pers.
950 1043 976 1124 1,
1001 1049 1030 1124 3,
1056 1047 1109 1109 18:
1131 1042 1209 1106 Nolo
1230 1045 1264 1104 in
1278 1063 1326 1106 oe-

167 1141 260 1201 aieam
283 1141 362 1216 quod
384 1149 443 1218 eal,
464 1145 499 1204 a'n
520 1149 650 1207 oannem
671 1149 748 1208 volo.
792 1141 880 1210 Pers.
895 1159 924 1208 v.
944 1150 974 1208 l:
997 1145 1150 1220 ingressus
1174 1150 1221 1204 esc
1241 1143 1324 1220 prin-

169 1257 241 1314 ceps
263 1241 381 1301 Amoris
408 1241 442 1300 in
462 1243 535 1306 odas.
580 1241 676 1307 Mero.
699 1239 725 1322 I,
749 1245 778 1322 2,
803 1246 835 1308 c:
865 1242 1011 1316 Detrude,
1035 1241 1161 1303 deturba
1181 1239 1219 1299 ln*
1235 1241 1324 1303 olona.

168 1333 223 1415 IV,
247 1341 277 1414 4,
301 1340 358 1402 58:
382 1340 521 1402 inviam.
565 1337 660 1404 Most
678 1337 739 1420 III,
764 1345 792 1419 1,
819 1344 891 1406 134:
914 1341 981 1404 Nisi
996 1339 1077 1402 nla‘n
1095 1337 1327 1402 annaneane

163 1449 345 1508 proxumum
367 1435 444 1513 [rem
467 1435 643 1514 conieramJ.
689 1433 803 1504 Caecil.
819 1435 900 1503 stae.
915 1436 976 1502 inc.
992 1433 1055 1502 fab.
1070 1431 1109 1499 ir.
1128 1435 1177 1513 111,
1199 1449 1227 1498 v.
1245 1433 1324 1498 2621

168 1531 202 1593 in
222 1534 360 1594 morbum
380 1535 465 1610 injci.
510 1532 629 1599 Caecii.
653 1532 735 1602 sant.
762 1535 822 1600 ino.
852 1532 916 1598 fab.
943 1531 982 1598 ir.
1007 1535 1036 1614 2,
1065 1549 1095 1598 v.
1118 1535 1197 1597 234:
1228 1531 1325 1594 Iseon

167 1629 201 1689 in
222 1629 403 1694 vicinitatem
425 1640 455 1694 te
477 1633 674 1695 menonem
697 1635 758 1696 Gur
783 1633 932 1695 intulisti?
975 1627 1090 1697 caecil.
1119 1629 1200 1694 scut.
1229 1625 1325 1710 Syro·

168 1725 248 1791 cneii
269 1724 308 1791 fr.
333 1729 367 1793 2:
400 1737 506 1793 tantan
533 1731 602 1793 hinc
628 1732 740 1794 invasit
763 1734 798 1792 a'n
825 1737 877 1794 lna
899 1730 990 1792 corda
1015 1724 1163 1791 duleilasi
1208 1721 1323 1791 caecil.

170 1821 250 1890 scat.
271 1821 415 1890 Plocium
436 1824 475 1892 ir.
499 1829 529 1907 8,
552 1844 582 1893 v.
607 1831 685 1892 170:
719 1831 838 1906 Pauper
861 1831 911 1906 qni
934 1829 1035 1890 educit
1055 1827 1089 1888 in
1111 1829 1266 1908 epcsduienn
1287 1822 1324 1886 li·

170 1925 270 1986 heroe.
316 1920 432 1988 Caecil.
450 1923 530 1990 stac.
546 1923 818 2006 Hypobolimaeus
840 1923 878 1990 ir.
896 1929 933 1989 2:
952 1925 1048 1988 Filius
1069 1925 1103 1984 dn
1124 1921 1191 1983 ned
1211 1920 1325 1983 incedit

170 2029 217 2085 sat
239 2024 338 2084 hilara
360 2023 489 2086 schema.
513 2021 679 2089 Iuventius
694 2023 753 2089 ine.
769 2021 832 2088 iah.
848 2021 886 2088 ir.
905 2027 939 2087 1:
963 2023 1071 2100 gaudia
1092 2021 1152 2084 Sua
1174 2023 1200 2082 si
1222 2035 1324 2082 onnes

170 2121 304 2182 homines
328 2119 486 2182 conferant
507 2139 601 2183 annam
622 2123 656 2182 in
677 2124 780 2187 locam.
825 2117 955 2186 Terent.
978 2117 1113 2201 Adelph.
1136 2113 1191 2197 IV,
1214 2118 1244 2195 2,
1270 2119 1323 2182 13:

170 2220 245 2280 Nam
267 2237 315 2280 me
338 2221 398 2279 iam
420 2220 454 2279 in
475 2221 579 2281 cellam
602 2223 736 2296 ulianam
759 2240 825 2284 cum
847 2219 901 2281 illa
924 2218 1108 2282 concludam.
1142 2215 1259 2280 Heaul.
1282 2209 1325 2294 Π,

172 2319 298 2396 3,101:
322 2316 357 2375 in
379 2333 483 2378 aurern
504 2319 652 2381 anamais
673 2321 768 2382 ociose
791 2326 824 2380 nt
847 2319 985 2380 dormias.
1015 2311 1150 2394 Adelph.
1166 2309 1223 2389 1v,
1240 2317 1268 2389 3,
1289 2313 1323 2374 6:

169 2431 328 2490 numquam
349 2420 381 2474 ta
404 2415 493 2476 aliter
516 2423 605 2491 alque
628 2433 662 2478 ee
683 2415 718 2476 in
739 2416 872 2477 animane
893 2415 996 2476 induxi
1017 2431 1122 2475 menen.
1153 2409 1269 2475 Heaul.
1286 2405 1324 2487 V,

170 2517 199 2588 4,
216 2515 251 2574 δι
269 2529 307 2572 ue
322 2513 400 2573 istnc
414 2513 449 2571 a'n
464 2512 598 2574 animam
612 2513 736 2575 inducas
752 2520 833 2574 tuom
849 2513 977 2574 alienum
993 2529 1059 2573 esse
1075 2517 1116 2587 te,
1131 2505 1170 2574 cf.
1185 2505 1324 2588 Madvig.

171 2604 394 2692 hemetluupec
416 2625 447 2688 p.
473 2610 528 2685 11,
556 2608 662 2673 adnot.
687 2613 715 2673 2.
759 2607 837 2673 Hec.
860 2606 939 2688 proi.
961 2608 1087 2672 alterv.
1102 2611 1158 2671 42:
1182 2605 1235 2684 (si)
1258 2623 1325 2668 eum

171 2725 237 2769 esse
260 2708 469 2782 quaestuum
491 2707 624 2768 onmium
645 2708 749 2768 induxi
769 2723 952 2782 maxumum,
986 2708 1082 2781 Quem
1103 2722 1238 2766 maxume
1262 2719 1324 2765 ser·

170 2809 233 2869 vire
256 2807 365 2866 vostris
389 2805 559 2866 commodis.
604 2801 719 2884 Hecyr.
743 2801 802 2883 III,
828 2807 855 2881 1,
882 2805 936 2866 12;
970 2803 1063 2864 Levia
1085 2803 1167 2878 euut',
1196 2817 1271 2880 quoe
1292 2807 1326 2862 tu

169 2905 327 2980 pergravia
350 2920 417 2963 esse
438 2902 472 2962 in
493 2904 627 2964 animam
645 2903 762 2964 induxti
785 2907 873 2964 duona
910 2897 1038 2965 Phorm.
1058 2897 1102 2980 11,
1126 2901 1155 2979 2,
1179 2901 1212 2966 9;
1235 2908 1323 2977 atque

169 3003 203 3061 n'n
224 3019 270 3061 me
296 3018 410 3062 omnem
445 3002 520 3061 iram
548 3000 679 3062 derivem
710 2997 811 3062 senis?
854 2995 987 3078 Adelph.
1011 2994 1054 3075 11,
1082 3001 1111 3076 4,
1144 2999 1178 3062 5:
1210 2999 1325 3059 Vereor

172 3116 272 3159 coram
293 3099 328 3159 in
349 3115 381 3159 oe
404 3104 434 3159 le
456 3098 591 3160 laudare.
619 3094 718 3160 Andr.
733 3093 773 3175 V,
789 3099 819 3174 3,
838 3100 890 3160 14:
913 3094 1028 3157 Eodem
1044 3096 1092 3156 die
1107 3098 1185 3156 istuc
1203 3095 1326 3157 verbum

172 3212 242 3256 vere
264 3197 298 3255 ln
320 3201 346 3256 te
368 3195 487 3269 accidit,
512 3189 578 3277 gila,
599 3187 675 3274 habt
697 3203 760 3256 hen
783 3189 838 3256 bit.
882 3189 962 3256 Hec.
978 3189 1005 3270 I,
1027 3193 1057 3270 2,
1082 3195 1137 3257 33:
1159 3193 1325 3270 Numquam

171 3300 233 3353 tam
248 3294 329 3354 dices
346 3291 508 3366 commode,
530 3299 563 3351 nt
578 3300 693 3368 tergum
708 3309 805 3353 meum
821 3291 919 3352 Taum
931 3290 966 3350 in
979 3289 1067 3363 violem
1081 3290 1271 3350 committam.
1284 3324 1323 3336 -

171 3391 201 3452 2.
225 3385 417 3468 Singillatim
432 3389 507 3451 sunt
522 3388 799 3453 commemoranda
812 3385 941 3452 nomina
962 3383 1090 3450 urbium
1110 3390 1145 3448 et
1166 3390 1326 3450 temnrum

174 3489 208 3549 et
227 3501 295 3548 voc
317 3485 421 3546 donnus
443 3501 514 3548 cum
542 3485 577 3544 in
603 3501 712 3565 praep.
741 3484 929 3563 coniuncta,
962 3482 1110 3564 quoniam
1140 3481 1327 3562 posterioris

172 3580 289 3646 aetatis
308 3597 370 3646 usu
390 3580 423 3644 in
445 3577 511 3659 his,
546 3580 687 3662 exceptis
715 3587 874 3647 terrarum
901 3577 1098 3659 nominibus,
1132 3577 1327 3660 praepositio

172 3675 395 3744 unaminiter.
438 3675 507 3740 Liv.
529 3677 670 3744 Andron.
692 3678 726 3742 in
748 3677 859 3760 Odyss.
882 3695 932 3759 ap.
954 3675 1040 3742 Fest.
1063 3694 1092 3742 v.
1116 3679 1271 3740 advenies:
1294 3679 1328 3738 ln

172 3775 283 3853 epham
305 3777 477 3839 adveniens.
499 3775 785 3858 Pleunhdcet.1v,
809 3781 839 3855 3,
861 3781 917 3842 232
939 3779 1007 3839 Non
1027 3778 1164 3855 equidem
1182 3773 1328 3852 inAepp-

165 3878 256 3948 phem
277 3873 347 3934 hinc
376 3875 463 3936 modo
494 3880 596 3938 vectus
624 3874 682 3949 fui,
716 3875 770 3938 Sel
791 3876 882 3936 etiam
909 3874 945 3934 a'n
973 3879 1068 3937 ternos
1096 3873 1176 3936 solas
1200 3891 1327 3950 orasque

172 3971 304 4036 alannae
325 3973 396 4033 Sum
418 3971 645 4035 circumvectus.
690 3969 780 4054 Capi.
796 3967 856 4052 111,
871 3977 903 4052 4,
926 3975 983 4036 56:
1005 3977 1036 4035 in
1057 3973 1185 4034 hiidem.
1230 3968 1327 4035 Poen.

173 4065 253 4146 proi.
276 4083 306 4129 v.
329 4070 385 4132 87:
419 4069 481 4131 Eas
504 4069 555 4144 qui
577 4070 743 4148 subrepsit,
765 4071 800 4130 in
820 4069 1018 4132 Annaeum
1045 4069 1175 4131 devehit.
1219 4085 1246 4130 v.
1271 4069 1327 4132 94:

172 4167 379 4242 commigravit
399 4167 434 4226 in
457 4163 644 4242 onlpdonen.
676 4163 775 4232 hiero.
792 4163 831 4248 V,
855 4169 884 4246 5,
908 4168 964 4231 92':
989 4169 1023 4228 In
1040 4167 1177 4244 Cyprum.
1212 4161 1328 4228 Bacch.

173 4257 229 4340 IV,
252 4263 281 4342 2,
304 4265 341 4326 9:
365 4263 530 4326 velutin
551 4265 691 4326 Elatium
713 4265 801 4326 hodio
824 4271 875 4327 eal
897 4281 998 4326 cecum
1020 4266 1124 4326 semul.
1161 4259 1217 4340 IV,
1242 4263 1271 4340 6,
1295 4263 1327 4324 7:
