3004 4764
234 279 296 338 382
678 269 805 311 naonotu
825 271 888 312 cnr.
903 269 939 309 v1.

235 449 364 508 veututis
379 465 477 509 mores
493 449 543 523 qui
559 449 669 522 seiam,
691 447 743 521 qui
764 447 820 509 boo
842 449 940 509 noctis
964 447 1044 507 solus
1067 443 1237 505 ambulem?
1286 439 1404 520 Amph.

234 541 260 622 Ῑ,
285 547 312 624 l,
335 549 411 608 278:
457 547 534 620 Quid
557 563 611 622 ego
634 546 665 605 ni
686 563 800 624 negem,
823 546 875 619 qui
897 549 1014 620 egomet
1036 541 1129 604 111111
1157 545 1193 620 3,
1216 544 1257 604 8:
1307 543 1404 602 Nimis

235 643 284 703 bic
303 645 409 704 scitust
425 645 618 721 sucophanta,
641 643 692 718 qai
715 643 832 718 quidem
853 645 986 704 sitmeus
1002 647 1098 716 pater.
1114 637 1157 716 n,
1175 641 1203 717 1,
1222 641 1287 701 12:
1312 638 1405 700 audes

240 743 313 801 mibi
345 741 521 816 praedicare
547 743 591 819 id,
629 743 717 803 Domi
747 749 777 801 te
806 757 872 802 esse
903 759 995 814 nune,
1032 741 1084 813 qai
1106 740 1154 797 bio
1178 738 1265 798 ades.
1291 753 1324 798 v.
1349 739 1403 797 21:

234 839 385 912 Regesne,
408 840 548 914 inprobe,
579 842 667 899 etiam
699 839 750 912 qai
771 839 856 899 ludos
878 838 953 899 iacis
976 837 1043 897 me?
1066 839 1095 915 2,
1120 837 1174 898 75:
1205 838 1251 895 At
1276 836 1332 910 pol
1356 835 1404 909 qui

236 944 320 996 certa
343 954 392 996 res
413 939 498 996 Hanc
519 944 565 998 est
588 938 754 1011 obiurgare,
778 953 854 1010 qaae
876 954 922 996 me
946 937 1033 996 bodie
1057 935 1270 995 advenientem
1284 933 1403 992 domum

234 1035 373 1095 Noluerit
397 1036 535 1096 salutare.
559 1031 614 1112 IV,
639 1037 667 1110 2,
690 1037 724 1096 21
747 1035 813 1094 Tibi
829 1036 964 1109 Iuppiter
980 1034 1077 1108 Dique
1102 1049 1202 1092 omnes
1221 1032 1302 1091 irati
1319 1033 1402 1088 certo

234 1139 312 1206 sunt,
336 1133 387 1205 qui
409 1133 452 1192 sic
474 1131 594 1206 frangas
617 1130 700 1193 ioris.
744 1129 837 1195 True.
862 1129 901 1210 V,
923 1147 951 1194 v.
977 1133 1031 1194 38:
1077 1131 1147 1203 Qui,
1170 1131 1298 1203 malum,
1323 1127 1402 1186 belle

235 1237 287 1292 aut
316 1229 453 1305 iaceta's,
487 1247 563 1303 quae
588 1247 667 1290 umes
692 1231 840 1290 bominem
863 1228 1014 1290 istimodi?
1057 1225 1149 1305 Capi.
1172 1222 1238 1304 ΙΙΙ,
1273 1227 1311 1300 4,
1346 1226 1399 1285 141

233 1331 294 1389 Α11
328 1330 353 1388 11
389 1335 419 1388 11
458 1329 534 1402 odit,
571 1328 623 1400 qai
651 1329 740 1388 istum
767 1329 901 1404 appelles
930 1328 1097 1403 Tyndarum
1125 1342 1180 1399 pro
1209 1326 1398 1384 Philocrate.

233 1423 320 1489 Asin.
340 1423 400 1505 III,
424 1429 451 1500 1,
476 1430 507 1488 21
531 1428 577 1486 Au
600 1427 643 1486 ita
665 1425 722 1486 tu's
745 1426 1002 1498 11111111111111Ι
1025 1441 1131 1498 expers
1147 1424 1255 1482 matris
1273 1420 1399 1495 inperiis

236 1525 332 1600 11111,
369 1521 425 1588 ubi
447 1521 648 1602 Hartungius
675 1519 714 1584 de
742 1521 867 1587 casibus
893 1540 924 1603 p.
951 1525 1010 1586 143
1040 1521 1215 1600 praeeunte
1240 1514 1398 1580 Lambino

234 1625 286 1696 qai
308 1639 366 1701 pro
390 1638 508 1702 genere
530 1618 679 1684 feminino
696 1619 889 1700 pronominis
906 1618 1034 1684 relativi
1049 1615 1174 1695 accipit,
1198 1615 1289 1694 quod
1308 1612 1398 1676 valde

236 1719 349 1785 dubito
380 1736 455 1783 num
485 1715 556 1782 fieri
582 1717 691 1798 possit.
751 1717 812 1782 Est
835 1718 942 1798 potius
971 1733 1044 1781 mea
1078 1713 1206 1796 quidem
1237 1708 1396 1778 sententia

235 1817 396 1883 ablativus
422 1816 618 1896 pronominis
644 1814 814 1892 indefiniti,
843 1833 902 1896 pro
930 1814 1028 1895 aliqui
1054 1843 1098 1864 =
1130 1809 1237 1892 aliqua
1261 1811 1395 1884 ratione,

233 1909 311 1976 ὥστε
332 1937 392 1975 που
420 1917 460 1992 (v.
484 1912 566 1978 infra
590 1911 607 1993 ξ
631 1914 694 1994 33).
739 1914 793 1977 As.
816 1912 841 1992 Ι,
866 1918 895 1994 3,
919 1919 975 1977 731
1019 1918 1151 1978 Haecine
1175 1925 1204 1978 11
1228 1933 1301 1977 esse
1326 1910 1393 1972 obli-

231 2019 308 2091 tum,
337 2017 366 2073 in
390 2014 459 2072 ludo
483 2011 639 2084 1111111111
662 2020 721 2073 tam
746 2013 818 2072 diu?
862 2009 926 2088 ΙΙΙ,
955 2017 988 2088 3,
1013 2015 1067 2076 681
1110 2017 1188 2078 Nolo
1211 2032 1270 2090 ego
1295 2017 1327 2072 te
1348 2005 1394 2082 qai

233 2129 300 2172 erus
332 2113 373 2172 sis
396 2111 467 2169 mihi
490 2129 563 2171 onus
585 2112 662 2170 istuc
686 2113 842 2171 sustinere.
887 2109 957 2174 Aul.
986 2109 1036 2192 II,
1060 2115 1093 2191 5,
1118 2117 1171 2177 221
1210 2115 1327 2188 quippe
1349 2103 1392 2178 lui

232 2210 292 2272 Ubi
312 2210 381 2285 quid
404 2209 559 2288 surripias,
583 2210 658 2268 nihil
681 2214 736 2269 est:
760 2205 814 2271 ubi
837 2206 979 2271 abundat
1001 2212 1052 2284 qut
1075 2219 1106 2274 et
1129 2213 1307 2290 propterea
1330 2207 1389 2266 tun-

236 2309 306 2368 tum
333 2303 471 2384 positum
502 2310 566 2381 est,
596 2308 632 2369 ut
656 2305 814 2369 sententia
837 2301 993 2369 efficiatur
1014 2308 1159 2385 relativa,
1181 2307 1254 2372 vide
1278 2305 1388 2368 Faern.

231 2403 271 2467 ad
290 2402 361 2467 Ter.
384 2403 501 2467 Heaut.
525 2402 589 2483 III,
611 2407 645 2480 2,
668 2409 724 2467 271
769 2406 885 2481 Quippe
908 2408 1155 2482 1111111111
1178 2425 1271 2482 saepe
1296 2405 1329 2464 id
1349 2415 1390 2458 re·

229 2505 358 2563 medium
387 2504 643 2578 aegritudinumst.
690 2499 804 2566 Caecil.
830 2501 909 2567 Stat.
933 2502 1073 2567 Plocium
1097 2501 1134 2566 fr.
1158 2509 1192 2568 2:

318 2601 377 2660 Sed
399 2608 451 2661 tua
472 2619 629 2662 morosane
653 2619 729 2661 uxor
751 2621 862 2678 quaeso
886 2603 952 2663 est?
972 2637 1016 2646 —
1040 2606 1133 2678 Quam
1156 2601 1264 2678 rogas?
1288 2631 1333 2642 -

318 2700 376 2772 Qui
398 2697 539 2759 tandem?
561 2731 603 2740 -
626 2699 739 2759 Taedet
762 2702 929 2769 mentionis,
951 2719 1027 2774 qaue
1049 2703 1122 2760 mibi

314 2797 373 2858 Ubi
396 2797 511 2857 domum
535 2797 641 2858 adveni
664 2797 777 2875 adsedi,
800 2801 949 2874 extemplo
973 2801 1084 2859 savium
1107 2852 1109 2857 .

315 2897 375 2956 Dat
398 2896 497 2954 ieiuna
520 2895 627 2972 anima,

230 2991 284 3056 ubi
316 3009 393 3065 quae
429 2987 569 3053 refertur
601 2991 641 3056 ad
673 3009 899 3072 praegressum
921 3013 1006 3055 eaor.
1052 2991 1173 3057 Similia
1196 3011 1234 3057 ex
1257 2983 1385 3057 Graecis

228 3088 338 3153 attulit
363 3087 479 3152 Bernh.
516 3091 595 3168 synt.
625 3105 654 3168 p.
690 3093 761 3156 293.
797 3088 922 3154 Τ11111.
960 3090 1094 3172 Adelph.
1117 3091 1165 3171 H,
1196 3095 1229 3171 2,
1253 3095 1286 3154 71
1333 3085 1384 3161 Qui

228 3191 312 3264 potui
342 3188 462 3261 melius,
495 3188 546 3261 qai
574 3189 662 3272 hodie
688 3208 779 3265 usque
809 3208 842 3250 os
863 3190 1007 3264 praebui?
1051 3188 1148 3253 Andr.
1171 3187 1234 3267 IV,
1264 3194 1302 3266 4,
1336 3185 1384 3247 1οῖ

228 3289 306 3347 satin
329 3284 437 3359 sanu's,
461 3287 512 3358 qut
527 3305 572 3344 me
588 3287 619 3345 id
634 3287 764 3360 raptas?
786 3303 814 3349 v.
831 3291 885 3348 11:
908 3306 993 3363 quem
1016 3291 1107 3364 igitur
1130 3307 1240 3366 rogem,
1264 3287 1324 3367 Qui
1338 3283 1382 3342 hio

232 3386 378 3444 neminem
406 3385 495 3444 alium
517 3383 650 3443 uideam?
683 3381 809 3446 Phorm.
834 3381 870 3462 V,
894 3389 923 3462 9,
947 3387 997 3448 21:
1020 3389 1067 3446 Au
1090 3389 1245 3462 quicquam
1268 3383 1382 3445 hodiest

227 3481 337 3542 iactum
353 3481 523 3556 indignius?
544 3483 602 3558 Qui
617 3469 665 3555 mi,
688 3483 738 3541 ubi
755 3484 791 3542 ad
807 3500 913 3542 uxores
930 3489 1087 3559 ventumst,
1110 3491 1172 3544 tum
1191 3485 1265 3544 fiunt
1288 3495 1380 3543 senes.

228 3577 324 3643 Andr.
348 3576 427 3657 prol.
451 3597 480 3641 v.
506 3582 543 3642 19
567 3594 617 3656 sq:
640 3580 698 3656 Qui
720 3599 807 3654 quom
822 3581 901 3640 hunc
917 3588 1068 3657 accusant,
1091 3583 1235 3643 Naevium
1250 3583 1380 3642 Plautum

226 3677 358 3738 Ennium
382 3679 542 3752 Accusant,
566 3695 637 3752 quos
660 3679 708 3736 bic
731 3683 833 3738 noster
849 3684 986 3738 auctores
1003 3680 1102 3740 babet.
1126 3681 1206 3741 Eun.
1223 3677 1264 3755 ΙΙ,
1282 3683 1309 3755 3,
1329 3673 1376 3736 12:

227 3776 270 3837 Ut
292 3777 376 3835 illum
399 3775 428 3833 di
453 3805 491 3817 -
516 3776 645 3850 perdant
665 3807 708 3816 —
730 3777 839 3850 Meque
864 3776 947 3850 adeo,
971 3777 1023 3850 qai
1045 3777 1217 3838 restiterim.
1240 3774 1336 3839 Andr.
1351 3764 1375 3842 I,

228 3875 263 3950 1,
287 3876 339 3934 711
384 3871 442 3948 Qui
464 3880 582 3947 gnatum
605 3873 743 3935 haberem
765 3873 820 3932 tali
842 3875 961 3948 ingenio
984 3875 1160 3949 praeditum.
1184 3872 1244 3952 IV,
1270 3876 1302 3951 1,
1324 3869 1376 3931 40:

226 3971 278 4044 qut
303 3972 539 4032 auscultaverim.
572 3969 653 4033 Eun.
677 3966 738 4048 IV,
764 3975 799 4046 7,
823 3971 856 4030 71
879 3971 931 4042 qai
952 3973 1040 4032 istum
1063 3971 1119 4030 huo
1135 3977 1246 4046 portes.
1275 3988 1302 4033 v.
1326 3965 1375 4030 32:

224 4069 348 4128 miseret
377 4069 420 4126 tui
448 4086 509 4144 me,
539 4069 590 4141 ool
612 4069 698 4128 hunc'
712 4074 827 4128 tantum
850 4069 997 4128 bominem
1020 4068 1118 4142 focius
1142 4072 1293 4130 inimicum
1315 4060 1372 4126 tibi.

225 4163 341 4228 Heaut.
370 4163 434 4238 ΠΙ,
466 4169 501 4243 2,
530 4169 562 4228 8:
601 4174 631 4226 te
656 4167 849 4228 demiror-
870 4167 943 4226 Tam
965 4183 1065 4240 mane,
1101 4168 1153 4239 qui
1177 4169 1245 4228 heri
1266 4169 1373 4226 tantum

224 4263 346 4324 biberis.
378 4265 411 4340 3,
434 4266 469 4325 4:
503 4262 578 4323 iacis
601 4265 675 4324 adeo
697 4265 817 4338 indigne
839 4263 975 4324 iniuriam
997 4265 1057 4334 illi,
1079 4265 1130 4337 qut
1152 4282 1211 4326 non
1234 4263 1373 4325 abstineas
