3004 4764
231 281 296 344 383
701 271 829 314 ΡΒΟΙΙΟΙ.
843 271 906 312 w.
920 271 957 312 Vl.

234 448 312 514 nent
332 445 518 523 praedicavit
539 444 670 516 aenam,
691 445 721 510 n.
743 462 769 510 e.
793 445 885 510 miles
907 449 967 524 nst,
988 459 1083 523 onem
1106 449 1167 508 cta.
1203 441 1265 522 111,
1284 451 1317 524 4,
1339 449 1408 519 36;

230 549 318 611 ,Bous
344 543 426 607 foras
454 545 571 604 educite
601 546 698 622 Qaaae
726 545 933 609 introduxistis
963 544 1125 617 fidicinam.
1170 539 1265 610 Most.
1287 544 1337 625 Π,
1370 550 1407 624 2,

235 647 289 708 74:
321 645 405 721 Quae
427 643 476 704 hic
496 647 629 704 mantra
650 643 739 718 finnt,
773 660 850 704 anno
880 645 927 704 le
949 644 1060 718 possim
1082 642 1190 714 eloqui,
1235 642 1274 724 V,
1301 649 1333 723 l,
1362 650 1403 708 5:

235 742 350 804 Ostiam
372 742 449 816 paud
469 742 499 800 in
523 743 719 817 angiportnst,
742 742 806 802 ains
828 740 960 816 patefeci
978 741 1062 804 foris.
1106 741 1192 810 Men.
1212 743 1256 823 11,
1280 749 1309 822 2,
1336 749 1383 808 37
1393 761 1403 805 :

232 841 403 902 Nummum
423 840 509 900 iliam
529 857 614 912 onem
636 841 707 900 mihi
729 839 837 898 dudum
859 838 1021 912 pollicitu’s
1044 842 1129 916 dara,
1152 845 1319 916 laborari
1346 861 1402 904 sa·

234 940 311 1012 pias,
334 938 488 1012 porculum
512 935 625 998 adferri
647 938 715 1012 tibi,
745 934 775 998 h.
798 953 825 1000 e.
848 934 902 998 illo
925 953 1069 1015 nummo,
1099 955 1194 1018 qnam
1216 945 1276 1004 etr,
1323 938 1400 1002 Mil,

236 1033 264 1112 l,
290 1037 388 1112 1,7e:
410 1035 504 1095 Utin
527 1036 647 1096 tabellis
670 1051 741 1108 qnos
763 1037 935 1109 consignavi
957 1034 1102 1112 [interim]
1122 1039 1279 1106 Latrones,
1302 1039 1400 1100 hibus

235 1135 418 1194 dinumerenn
441 1134 628 1209 stipendium.
662 1128 706 1209 Π,
732 1136 759 1210 l,
782 1136 822 1195 62
845 1147 929 1210 sqq.:
952 1135 1027 1193 Nam
1048 1151 1141 1195 anam
1162 1137 1297 1198 maniosa
1318 1155 1401 1196 con·

231 1233 359 1294 ontinae
390 1231 468 1305 qaod
489 1232 571 1292 dedit
592 1232 695 1302 Miles,
730 1249 787 1306 qno
809 1248 897 1291 nemo
919 1231 976 1291 nisi
1005 1249 1094 1306 eapse
1123 1232 1252 1294 inferret
1272 1235 1400 1309 pedem,

232 1332 278 1392 -ln
293 1347 331 1390 eo
358 1333 493 1392 conclavi
516 1346 570 1404 ego
592 1328 741 1404 perfodiri
763 1331 917 1404 parietem.
955 1327 1013 1403 111,
1039 1333 1067 1408 l,
1091 1333 1124 1393 3:
1148 1349 1186 1390 ne
1208 1333 1323 1407 uspiam
1350 1335 1399 1391 in-

235 1430 332 1490 sidiae
360 1430 448 1502 sient,
474 1428 635 1488 Consilinum
657 1427 735 1501 qaod
756 1428 866 1487 habere
889 1429 1036 1501 volumus,
1059 1424 1114 1491 ubi
1135 1426 1243 1491 Lind:
1268 1433 1398 1507 „attra-

235 1523 342 1590 ctione
367 1524 447 1588 satis
469 1522 643 1603 frequenti,
671 1540 730 1602 pro
754 1539 806 1598 eo,
843 1523 928 1603 quod
950 1521 1116 1587 dicendum
1144 1530 1228 1588 crat:
1264 1526 1295 1588 ei
1317 1543 1400 1590 eon-

238 1619 320 1701 silio,
350 1621 435 1700 qnod
456 1621 576 1688 habere
598 1621 754 1699 volumus,
776 1621 839 1700 vel,
863 1638 944 1700 quae
969 1621 1116 1685 usitatior
1139 1626 1189 1686 est
1210 1625 1398 1693 structura:

232 1735 287 1789 ssa,
309 1721 388 1795 qnod
408 1723 561 1784 caninam
582 1723 689 1782 labere
702 1723 844 1797 volamus,
868 1722 1025 1794 eiaspiaan
1039 1720 1165 1784 insidiae
1179 1724 1266 1783 sint.“
1293 1719 1399 1788 Mera.

237 1815 281 1895 ΙΙ,
306 1822 334 1898 l,
358 1820 392 1882 6:
415 1821 513 1882 Eine
536 1826 673 1894 noceret,
697 1837 786 1894 quarn
809 1820 886 1880 domi
909 1827 977 1879 ante
1001 1821 1091 1879 habui
1112 1837 1242 1893 capram,
1265 1837 1342 1898 pro:
1370 1821 1399 1884 ei

238 1929 363 1994 caprae
412 1915 526 1981 Pseud.
554 1914 580 1995 I,
605 1922 633 1994 5,
665 1921 735 1979 114:
769 1918 937 1976 Tibicinum
962 1917 1047 1975 illam
1072 1926 1140 1977 tuns
1167 1934 1257 1989 paona
1283 1928 1395 1993 gnatus

235 2015 370 2088 deperit,
392 2017 439 2074 Ea
461 2017 679 2076 circumducen
701 2016 799 2089 lepide
822 2017 969 2075 lenonem.
1014 2032 1042 2078 v.
1071 2019 1143 2078 137:
1166 2019 1207 2074 At
1230 2034 1310 2077 nunc
1334 2019 1396 2077 dis-

239 2114 328 2176 turba
354 2129 428 2186 qnae
459 2114 590 2174 statuisti
611 2113 774 2174 machinos.
818 2110 877 2190 ΙΙΙ,
899 2116 928 2191 2,
951 2115 1006 2175 36;
1027 2115 1109 2190 Quos
1132 2113 1237 2172 latas
1260 2117 1392 2188 pecudes

241 2226 300 2270 non
323 2211 424 2286 edunt,
446 2212 579 2272 homines
602 2211 700 2272 edunt.
737 2207 832 2272 Poen.
857 2207 916 2287 III,
940 2216 968 2288 3,
992 2215 1046 2274 31:
1069 2213 1147 2272 lane
1169 2211 1389 2285 chlamydatam

240 2323 325 2380 quan
346 2308 438 2384 vides,
461 2311 500 2370 Ei
521 2310 604 2370 Mars
627 2309 722 2368 iratus
745 2313 801 2369 est.
845 2305 924 2371 Rud.
949 2307 1027 2387 prol.
1053 2312 1081 2371 9.
1109 2313 1163 2372 10:
1188 2309 1276 2384 Qnist
1298 2312 1393 2383 impe·

237 2411 322 2468 rator
337 2405 433 2468 divom
449 2413 537 2484 atque
552 2407 702 2468 hominuni
716 2407 860 2481 Iuppiter,
882 2409 912 2468 Is
932 2426 987 2468 nos
1007 2426 1062 2482 per
1085 2408 1180 2482 gentis
1202 2404 1278 2481 [hic]
1301 2410 1393 2467 aliurn

239 2505 300 2564 alia
321 2504 462 2580 disparat.
507 2501 563 2582 IV,
585 2509 614 2582 4,
639 2508 693 2568 21:
723 2505 809 2564 iiiam
835 2522 920 2578 cmm
943 2505 988 2581 [tn
1010 2504 1080 2565 fano
1103 2502 1243 2578 Veneris]
1273 2505 1393 2565 Dudum

237 2601 370 2663 known
392 2605 558 2676 extrusisti,
592 2605 655 2666 eius
676 2603 806 2665 vidulum
835 2604 883 2663 hie
906 2605 1041 2663 eccillum
1073 2598 1198 2678 [habet].
1244 2599 1283 2680 V,
1307 2605 1336 2677 2,
1358 2607 1392 2663 4:

237 2715 289 2772 φο
315 2699 369 2772 qni
393 2701 424 2760 in
451 2703 526 2762 mari
557 2701 704 2777 prehendi
729 2703 805 2762 Rete
834 2709 922 2776 atque
950 2702 1055 2775 excepi
1082 2701 1226 2773 vidulum,
1261 2701 1288 2758 ei
1320 2701 1392 2760 darc

238 2801 354 2874 naamis
377 2803 542 2875 quicquam.
588 2795 684 2862 Stich.
706 2795 749 2876 11,
776 2803 802 2875 l,
826 2801 880 2860 50:
904 2800 980 2872 Quid
1002 2799 1071 2858 istic
1093 2797 1193 2858 inest?
1236 2793 1288 2859 ΡΙ.
1311 2798 1394 2872 Quas

237 2903 272 2958 tu
294 2897 365 2960 edes
388 2899 532 2960 antra.
577 2892 668 2959 Truc.
692 2893 734 2975 Π,
759 2898 788 2975 6,
811 2901 868 2959 52;
901 2898 1092 2970 Paenitetne,
1115 2899 1186 2968 aaut
1206 2897 1246 2954 mi
1267 2895 1393 2955 aetaliae

238 2999 392 3058 sanilam
418 2995 479 3056 -i
523 2994 651 3060 Terent.
679 2993 778 3058 Andr.
804 2992 884 3074 prol.
912 3011 942 3058 v,
967 2997 1001 3058 3:
1034 2996 1145 3070 populo
1174 2998 1208 3053 nt
1235 2995 1394 3067 placerent

231 3113 316 3172 ¹pisas
336 3093 460 3156 fecisset
481 3095 610 3168 fabulas.
656 3091 734 3172 prol.
757 3109 785 3156 V.
808 3095 867 3155 26:
900 3093 1029 3154 Posthac
1058 3110 1130 3168 quas
1160 3090 1254 3150 faciet
1284 3091 1323 3150 ds
1345 3091 1390 3150 in-

240 3202 326 3269 tegro
349 3196 531 3267 comoedias,
556 3192 741 3268 Spectandae
763 3209 800 3252 an
824 3191 986 3267 erigendae
1010 3191 1071 3251 sint
1091 3189 1174 3250 vobis
1197 3189 1288 3263 prius.
1311 3184 1337 3264 Ι,
1361 3191 1388 3266 1,

243 3297 298 3356 12:
326 3294 412 3370 Quod
432 3292 522 3354 habui
543 3307 687 3352 sammaa
706 3290 836 3363 penam
856 3289 988 3364 persolvi
1009 3288 1072 3348 tibi.
1117 3283 1144 3363 Ι,
1170 3289 1197 3362 1,
1221 3287 1277 3346 20:
1310 3287 1391 3361 Quas

240 3390 429 3452 eradicasse
459 3391 527 3458 las,
561 3407 621 3452 non
651 3396 720 3449 snnt
748 3405 836 3450 verae
864 3388 994 3461 nuptiae,
1037 3382 1092 3462 IV,
1123 3389 1150 3462 l,
1179 3385 1233 3446 58:
1266 3385 1389 3444 restitue

246 3493 334 3563 man
355 3506 373 3548 a
394 3506 441 3549 me
464 3490 607 3563 accepisti
630 3488 735 3549 locam,
771 3483 852 3549 Eun.
867 3481 946 3564 prol.
963 3499 992 3546 v.
1008 3485 1064 3544 20:
1086 3499 1176 3555 quarn
1197 3499 1275 3541 nnnc
1297 3484 1390 3542 acturi

245 3603 345 3649 manns
367 3586 525 3646 Menandri
547 3588 742 3654 Ennacltans,
770 3590 926 3660 postquam
949 3581 1061 3642 aediles
1081 3586 1233 3650 emerunt,
1262 3577 1390 3638 Perfecit

243 3685 301 3748 sini
322 3689 357 3744 nt
382 3684 561 3758 inspiciundi
588 3691 669 3744 esset
699 3684 793 3760 copia.
836 3678 897 3758 ΙΙΙ,
921 3685 948 3756 1,
971 3682 1012 3741 59
1035 3693 1095 3756 sq.:
1132 3679 1238 3737 metuit
1264 3693 1388 3752 semper,

243 3798 329 3856 qnam
346 3783 423 3858 ‚ipsa
443 3801 521 3842 nnnc
544 3786 625 3858 capit
640 3784 794 3849 eraclam,
814 3778 972 3855 nequando
993 3778 1087 3836 iratum
1110 3783 1144 3834 tu
1166 3777 1226 3836 alio
1246 3771 1388 3834 conferas.

231 3877 304 3956 ill,
329 3883 358 3958 3,
384 3882 437 3943 18:
472 3880 539 3942 Nisi
561 3883 586 3942 si
606 3880 662 3940 iiia
684 3880 761 3942 forte
783 3893 859 3952 quae
880 3878 951 3937 alim
972 3876 1062 3952 pariit
1082 3875 1207 3948 parvola
1227 3872 1304 3932 Eam
1326 3889 1387 3932 sese

230 3979 388 4038 -intendit
401 3997 475 4040 esse.
520 3976 574 4056 IV,
603 3983 631 4058 3,
663 3983 716 4040 ll:
751 3975 932 4038 Ennaelm
960 3989 1044 4046 amm
1069 3971 1178 4030 dedisti
1205 3971 1290 4030 nobis
1320 3987 1388 4045 quas

244 4077 351 4138 turbas
373 4079 464 4138 dedit.
508 4074 633 4140 Phorm.
658 4073 735 4154 prol.
758 4091 788 4136 n.
812 4078 845 4136 4:
877 4072 934 4145 Qui
953 4071 998 4130 ita
1019 4069 1147 4142 dictitat,
1170 4085 1244 4141 qaas
1267 4069 1388 4127 antehac

230 4173 320 4234 fecit
341 4173 471 4245 sadans,
500 4179 593 4236 Tenui
616 4193 681 4238 esse
705 4173 847 4234 oratione.
892 4165 934 4245 ΙΙ,
958 4172 988 4244 4,
1012 4170 1066 4229 21:
1100 4168 1130 4226 Is
1152 4167 1228 4239 qnod
1248 4163 1320 4224 mihi
1341 4168 1388 4226 de-

245 4273 325 4332 derit
347 4274 382 4332 de
405 4273 461 4333 hac
484 4291 517 4334 re
530 4272 704 4353 *masiliam
731 4270 762 4330 id
785 4284 901 4344 sequar.
944 4262 981 4342 V,
1005 4266 1035 4341 8,
1059 4267 1113 4325 54:
1143 4268 1297 4338 arpentum
1318 4265 1389 4336 pan
