3070 4758
497 249 587 291 cesus
601 243 871 291 fliilfflssffffl.
883 267 910 280 ··-
920 247 1055 294 DA'HVUE.
1299 259 1362 324 295

196 441 301 504 parco,
325 424 409 502 croc
433 421 605 489 discrimen
626 418 734 488 denso
756 437 820 488 non
840 424 948 506 mgni
969 429 1021 490 est
1042 424 1213 506 momenti,
1236 438 1307 491 cnm
1329 426 1363 492 in

200 521 251 586 his
264 520 373 586 verbis
391 519 593 586 accusativus
615 518 731 585 obiecti
746 517 888 584 incinons
910 521 962 601 sit,
983 521 1018 587 in
1036 521 1100 590 iliis
1121 539 1184 590 non
1205 522 1362 602 inclusum

200 635 297 699 porro
329 618 363 682 in
399 617 581 696 adiectivis,
618 613 895 708 velntsolctortt,
930 620 1105 692 morus,
1142 622 1362 694 formidolosus,

199 717 316 786 nucius
339 718 467 795 amium,
490 717 569 790 fidus
591 717 626 779 et
645 727 729 794 quus
751 717 827 779 sunt
845 712 943 782 huius
966 717 1093 798 geneum
1114 715 1188 784 ulio.
1232 716 1270 781 In
1292 721 1362 782 totu

200 815 260 879 irco
288 814 408 892 classe,
435 812 528 877 cuins
549 809 758 892 praecipuum
782 810 916 878 verbum
937 815 1012 876 dure
1033 813 1121 880 otsui
1142 829 1258 880 nomon
1279 812 1361 878 indi·

205 911 261 977 ort.
285 911 389 991 primo
408 907 512 974 formo
535 907 628 974 casus
651 903 826 973 clarissime
848 914 992 990 apparet,
1025 925 1098 976 nem
1120 911 1282 978 obiectum
1304 910 1361 976 dn-

205 1009 265 1074 tivi
287 1007 405 1089 ubique
429 1010 480 1072 est
502 1010 593 1070 ert-ru
614 1005 770 1070 notionem
793 1021 828 1070 se
850 1005 1079 1089 explicantem,
1102 1008 1159 1076 sed
1181 1008 1360 1075 subiectum

202 1106 344 1171 studium
366 1104 484 1186 prodit,
504 1102 595 1168 cuius
618 1098 752 1168 effectus
776 1105 846 1167 tum
868 1103 996 1170 domum
1017 1103 1051 1169 in
1073 1105 1199 1172 obiecto
1214 1111 1360 1188 opporet,

201 1222 299 1286 quum
312 1203 395 1270 ectio
404 1203 475 1284 ipsu
488 1200 530 1266 cd
541 1197 633 1264 finem
649 1199 807 1280 perducto
822 1204 881 1281 est,
899 1217 973 1268 nem
986 1202 1014 1268 si
1026 1202 1109 1268 ectio
1122 1203 1219 1270 donni
1233 1201 1359 1279 desinit,

202 1301 286 1368 ectio
310 1299 456 1367 sumendi
478 1299 513 1362 in
534 1296 661 1363 obiecto
682 1295 808 1377 incipit,
838 1315 921 1378 quoe
947 1304 999 1366 ost
1021 1296 1154 1367 effectus
1182 1300 1292 1380 nundi,
1320 1315 1360 1364 ex

201 1415 266 1480 quo
290 1405 359 1463 tum
382 1396 505 1476 statim,
534 1394 591 1460 sed
613 1392 776 1475 posterius
805 1399 912 1462 umen
935 1397 1109 1465 secuntum
1140 1415 1180 1464 eu
1199 1413 1284 1478 qnoe
1306 1413 1359 1462 sn·

202 1513 262 1578 pre
284 1493 586 1570 demonstravimus,
624 1489 765 1556 studium
795 1493 892 1558 etiem
919 1493 953 1559 in
980 1495 1105 1562 obiecto
1141 1495 1292 1562 noscitur.
1316 1525 1359 1540 -

205 1591 398 1674 Singillatim
422 1587 717 1656 commemorandus
740 1593 791 1653 est
804 1595 975 1670 praetereo
996 1592 1125 1660 dativus
1139 1589 1272 1658 effectus
1288 1607 1357 1656 rom

206 1691 400 1771 exprimens,
430 1688 557 1753 innotus
581 1703 651 1752 cnm
674 1685 775 1751 verbo
801 1705 862 1752 esse
883 1692 916 1754 et
937 1689 1044 1756 verbis
1071 1689 1247 1758 transitivis

202 1791 325 1867 mune,
359 1791 487 1866 untur,
524 1783 611 1859 aliis,
648 1781 680 1848 in
703 1782 876 1864 phrasibus
897 1786 1008 1867 quoles
1039 1792 1115 1854 sunt
1148 1791 1260 1865 probro
1287 1803 1357 1857 csse,

201 1888 286 1948 turdi
307 1903 377 1962 esse,
412 1887 518 1946 tonost
551 1883 665 1957 occec,
702 1880 784 1962 aliis,
820 1882 936 1961 quibus
959 1888 1027 1950 tum
1049 1882 1238 1967 plerumque
1261 1884 1358 1950 etiarn

204 1984 288 2049 ultor
310 1981 438 2047 dativus
461 1980 572 2046 classis
595 1979 782 2060 superioris,
805 1980 964 2047 obiectum
985 1999 1151 2064 personne,
1172 1987 1206 2046 in
1226 1997 1290 2062 quo
1306 1979 1357 2047 hic

205 2079 337 2146 effectus
360 2081 504 2160 apparet,
527 2073 665 2142 additur.
711 2077 811 2142 Simul
833 2078 865 2142 in
887 2078 948 2144 huc
970 2080 1208 2146 constructione
1230 2078 1357 2160 proedi-

202 2183 318 2256 cotnm,
348 2175 433 2256 qnod
456 2174 530 2240 eddi
551 2177 661 2254 potest
682 2173 826 2240 subiecto
846 2191 907 2256 per
927 2177 1062 2244 verbnm
1084 2193 1159 2257 osec,
1189 2193 1249 2258 pro
1282 2173 1358 2241 offe·

202 2283 256 2341 ctu
279 2273 413 2340 sotionis
437 2272 593 2352 accipitur
615 2275 649 2336 et
670 2271 702 2336 in
718 2271 778 2337 hec
799 2270 903 2338 forme
925 2273 1043 2339 transit
1063 2273 1296 2353 quodamnodo
1315 2272 1358 2338 od

202 2373 339 2437 alterum
361 2370 460 2434 dotivi
482 2369 652 2436 obiectum.
697 2368 750 2434 Sic
771 2369 805 2434 in
826 2369 988 2436 locutione
1015 2373 1090 2433 doro
1119 2374 1214 2435 citou
1241 2372 1358 2447 aliquid

207 2471 283 2531 douo
304 2488 333 2533 v.
355 2469 464 2530 donum
486 2471 537 2532 est
557 2465 778 2548 praedicatum
800 2466 890 2532 verbi
912 2468 1036 2548 otim,
1073 2467 1158 2548 qnod
1180 2473 1231 2534 est
1252 2468 1357 2534 subie-

206 2570 291 2631 ctum
312 2565 346 2629 in
369 2563 548 2645 periphrasi
570 2561 660 2628 verbi
675 2565 758 2642 duro,
780 2565 880 2638 facore
900 2571 937 2628 ut
954 2567 1072 2642 eoquod
1091 2569 1139 2644 sit,
1160 2571 1358 2649 quopropter

207 2662 303 2728 etiam
326 2661 388 2729 dici
409 2666 518 2743 potest
539 2663 612 2724 aare
633 2661 750 2736 coquis
769 2663 862 2723 otoo
883 2664 1011 2740 mucor,
1039 2662 1167 2744 ianque
1192 2663 1248 2728 illo
1268 2662 1356 2728 notio

204 2777 264 2841 pro
287 2778 370 2825 novo
391 2759 502 2838 forma,
524 2776 619 2839 quem
641 2756 760 2837 induit,
788 2758 829 2823 nd
852 2759 952 2825 dotivi
973 2759 1134 2827 obiectum
1156 2762 1248 2823 ausu
1270 2765 1356 2825 trun-

207 2859 258 2937 sit,
282 2873 440 2939 apparens
467 2864 617 2936 tanquam
643 2853 775 2921 effectus
796 2855 939 2922 actionis.
962 2889 1004 2904 -··
1018 2857 1166 2937 Denique
1188 2857 1251 2924 huc
1271 2855 1357 2923 reis·

201 2956 302 3020 rende
325 2960 375 3020 est
397 2953 591 3019 constructio
613 2952 702 3019 verbi
735 2971 797 3017 esso
812 2953 970 3020 coniuncti
992 2973 1065 3020 cum
1079 2954 1187 3020 detivo
1208 2954 1355 3036 gerundii

204 3052 257 3117 vel
278 3050 438 3132 participii
461 3050 638 3132 gerundivi,
661 3050 746 3114 unde
768 3047 943 3116 locutiones
965 3053 1121 3114 &oenotri
1142 3053 1254 3128 upum
1278 3054 1351 3115 scri

207 3151 308 3212 bondis
330 3154 364 3212 et
391 3148 511 3213 similes
532 3152 629 3213 notae
650 3151 738 3226 sunt,
775 3164 795 3212 o
818 3147 1016 3228 quibuscum
1042 3165 1115 3214 cum
1136 3148 1276 3230 genitivo
1299 3165 1353 3229 ge-

201 3245 326 3311 rundivi
348 3246 547 3311 coniunctum
570 3245 652 3310 bene
673 3243 931 3325 distinguendum
954 3250 1014 3312 est

292 3347 395 3420 Quem
415 3346 577 3425 postremo
602 3341 674 3406 loco
695 3342 1010 3410 commemoravimus
1039 3363 1133 3413 usum
1155 3345 1254 3412 densi
1283 3359 1355 3410 cunr

206 3441 304 3507 verbo
340 3459 402 3504 csse
428 3439 603 3520 coniuncti,
641 3439 724 3504 viem
758 3439 850 3518 quusi
879 3439 982 3506 munit
1010 3446 1044 3508 et
1070 3442 1175 3524 operit
1201 3461 1220 3507 n
1246 3443 1354 3523 priore

204 3537 302 3603 huius
330 3555 424 3603 cesus
451 3536 553 3603 iormn
580 3538 621 3603 od
648 3537 793 3602 alterum.
837 3535 1004 3604 Trnnsims
1036 3539 1078 3605 sd
1114 3556 1184 3604 eum
1220 3539 1355 3603 menime

200 3639 341 3717 opponet
362 3636 394 3700 in
416 3635 522 3700 nltero
541 3633 763 3701 coniunctione
788 3633 884 3700 huius
909 3635 1001 3701 verbi
1032 3655 1106 3704 cum
1132 3636 1255 3716 dativo,
1283 3651 1355 3700 eom

130 3815 134 3822 Ι
199 3733 282 3812 dico,
306 3733 361 3798 ubi
383 3731 512 3798 dotivus
536 3747 757 3813 possessorem
780 3731 865 3812 eius,
893 3735 979 3812 quod
1001 3736 1146 3800 subiocto
1167 3749 1354 3814 expressum

201 3835 262 3910 est,
286 3827 453 3911 significet
501 3829 563 3896 Hic
590 3845 725 3911 qnoque.
751 3829 864 3909 umbo,
900 3847 964 3896 non
991 3832 1096 3896 minus
1127 3847 1223 3912 quem
1249 3834 1354 3910 untes,

203 3943 391 4006 expressum
414 3932 465 3991 est
486 3925 529 4007 in,
552 3927 637 4008 quod
659 3943 699 3992 ex
720 3925 847 3992 actione
867 3927 996 4007 prodiit,
1018 3928 1203 4007 etquidem
1225 3924 1356 4007 portici-

199 4037 272 4100 pem
295 4021 368 4088 fieri
390 4020 526 4090 nlicuins
547 4024 612 4104 rei,
644 4024 693 4089 ito
722 4028 759 4090 nt
791 4025 867 4088 mitt
892 4029 936 4087 cst
960 4026 1064 4090 docco
1091 4021 1250 4106 significet
1270 4023 1355 4088 idem

198 4121 285 4200 qnod
306 4123 460 4197 paruum
479 4123 578 4195 scotus
598 4139 665 4186 mm
685 4122 803 4190 m,
834 4123 911 4184 ntur
930 4123 1034 4186 domur
1055 4123 1171 4198 obripit,
1199 4136 1277 4202 ergo
1299 4123 1354 4182 tu·

199 4218 251 4278 teo
279 4218 380 4297 mm,
417 4217 475 4283 son
501 4219 566 4284 iem
600 4218 806 4300 perspicuum
832 4222 895 4298 est,
931 4235 972 4282 ex
998 4215 1114 4284 effectu
1145 4221 1252 4284 ortum
1282 4231 1354 4282 csse
