3040 4758
201 299 244 354 52
637 287 788 329 SUBSTANT.
808 287 870 328 ΟΛΡ.
886 287 926 328 ru.

204 463 296 522 eiecit
319 479 354 522 ea·
384 465 440 524 hcc
466 464 596 525 decurio.
628 461 755 526 Terent.
771 459 870 525 Andr.
886 460 911 539 Ι,
937 466 964 539 l,
989 463 1044 524 24:
1068 461 1144 522 Nam
1164 461 1190 521 is
1210 468 1367 536 postquam

205 561 336 620 excessit
358 577 393 620 ea
416 561 541 635 ephebis.
585 557 665 623 Eun.
682 557 724 636 ΙΙ,
749 562 777 636 3,
801 563 837 622 5:
860 559 945 620 deleo
970 559 1064 620 omnis
1085 559 1192 618 dehinc
1213 575 1248 618 err
1268 557 1368 616 auimo

207 657 357 717 mulieres.
403 654 480 721 Hec.
503 655 541 734 V,
564 661 594 734 4,
618 659 674 720 36:
711 657 859 731 Quantum
886 655 974 716 hodic
997 654 1147 730 profueris
1174 655 1245 714 mihi
1273 662 1304 715 et
1331 673 1369 714 ee

205 758 319 828 quauta
342 769 488 816 women
510 755 686 816 extraxeris.
1348 811 1353 823 .

293 865 317 912 c.
362 845 441 914 Oum
479 849 621 912 curmae
658 849 766 914 verbis
799 849 932 930 aliisque
965 867 1047 929 quae
1080 849 1196 913 mentis
1230 846 1371 928 aliquam

206 945 367 1010 actionem
389 943 533 1012 indicant
553 945 698 1012 iunctum
719 965 756 1009 ea
776 946 935 1012 hominem
960 950 1016 1011 aut
1038 961 1105 1009 rem
1128 945 1287 1025 proponit,
1312 963 1370 1009 cu·

206 1041 258 1108 ius
281 1060 342 1124 cpe
364 1044 484 1125 aliquid
512 1043 643 1110 auditur
671 1050 704 1110 et
733 1045 936 1126 cognoscitur
965 1041 1125 1123 (Kampm.
1153 1062 1184 1108 n.
1209 1043 1253 1118 8).
1297 1041 1370 1108 Hoc

208 1141 382 1220 respondet
404 1142 434 1205 ei
461 1143 545 1222 quod
569 1139 768 1209 Sohaefferus
790 1141 889 1208 habet
910 1143 943 1207 iu
966 1143 1002 1206 A.
1027 1141 1067 1222 V,
1096 1140 1150 1220 qui
1173 1145 1266 1205 vocat
1287 1138 1371 1204 hanc

208 1253 338 1301 causam
373 1237 523 1319 logicam,
562 1257 602 1304 ex
629 1257 692 1320 qua
721 1245 883 1320 tamquam
914 1259 931 1304 e
960 1237 1047 1304 tonte
1070 1235 1202 1319 profluit
1229 1237 1370 1318 cognitio

209 1334 375 1412 quaedam.
398 1336 553 1417 ,Kampm
583 1336 623 1401 de
651 1341 702 1400 AB
733 1354 764 1417 p.
795 1341 850 1402 28:
890 1335 1044 1416 „Plautus
1079 1335 1177 1400 verba
1205 1337 1372 1411 quaerendi

208 1446 339 1511 semper
362 1450 434 1497 cum
458 1453 494 1496 ex
515 1434 752 1515 praepositione
775 1432 967 1516 coniungit.“
1013 1433 1059 1499 Ih.
1083 1451 1112 1514 p.
1136 1436 1191 1496 29:
1215 1431 1372 1512 „Semper

209 1523 344 1594 Plautus
359 1535 472 1608 audire,
497 1537 584 1608 scire,
607 1536 719 1608 scitari,
742 1534 943 1610 percunctari,
967 1533 1146 1608 intelligere,
1164 1545 1374 1610 quaecunque

209 1629 423 1703 cognoscendi
446 1629 606 1694 notionem
627 1629 757 1708 habent,
781 1646 852 1693 cum
869 1649 905 1690 ex
922 1626 1159 1708 praepositione
1176 1625 1371 1707 coniungit.“

209 1719 315 1788 Plaut.
332 1721 423 1804 Epid.
440 1723 494 1804 IV,
518 1732 545 1805 1,
563 1732 617 1791 37:
641 1747 709 1790 nam
731 1735 888 1803 postquam
913 1729 1013 1788 audivi
1034 1729 1104 1787 ilico
1120 1727 1173 1786 Ea
1194 1741 1257 1784 meo
1277 1742 1373 1786 seraa

208 1817 294 1885 Men.
317 1817 355 1899 V,
380 1827 409 1901 9,
438 1826 491 1887 11:
516 1825 593 1899 Quid
616 1844 671 1902 ego
696 1843 731 1886 ec
754 1831 781 1888 te
801 1825 913 1887 audio?
946 1822 1061 1888 Pseud.
1084 1821 1110 1901 Ι,
1133 1827 1163 1902 3,
1188 1825 1262 1885 113:
1293 1823 1374 1897 Quid

212 1935 267 1994 ego
289 1935 325 1980 ee
347 1925 374 1980 te
396 1921 506 1983 audio?
551 1920 648 1986 Stich.
678 1938 707 1986 V.
732 1927 772 1988 37
796 1939 857 2002 sq.:
892 1939 963 1984 care
993 1924 1033 1983 sis
1061 1922 1178 1982 audiam
1208 1937 1262 1994 ego
1292 1922 1373 1981 istuc

212 2016 342 2078 Posthac
365 2033 401 2079 ee
423 2025 457 2080 te.
497 2015 612 2083 Bacch.
629 2016 684 2098 IV,
707 2023 737 2099 8,
761 2024 803 2084 70
827 2035 886 2100 sq.:
911 2024 936 2081 si
957 2023 1046 2095 plura
1068 2036 1104 2080 ex
1125 2035 1171 2078 me
1193 2017 1294 2080 audiet
1316 2019 1374 2078 hc·

209 2115 260 2173 dic
284 2118 363 2176 mala
387 2118 480 2190 Quam
503 2119 616 2180 audivh
638 2137 775 2196 umquam
803 2121 902 2181 Clinia
929 2137 965 2181 err
987 2118 1158 2179 Demetrio?
1201 2114 1239 2194 V,
1263 2119 1291 2194 2,
1314 2119 1374 2179 42;

211 2211 323 2272 Verum
348 2213 453 2276 audire
476 2218 565 2278 ctiam
589 2235 626 2278 err
649 2223 675 2277 te
698 2217 812 2278 studeo.
858 2214 956 2280 Merc.
985 2233 1012 2278 v.
1038 2218 1114 2280 378:
1148 2234 1184 2276 err
1211 2219 1237 2274 te
1263 2214 1372 2274 audiri.

212 2301 307 2373 Most.
325 2307 365 2389 ΙΙ,
391 2316 417 2393 1,
444 2316 497 2377 18:
523 2314 600 2388 cuir
624 2331 679 2392 ago
702 2332 737 2375 err
760 2315 807 2374 ted
829 2314 938 2374 audio?
981 2309 1128 2390 Persii,
1148 2314 1177 2389 2,
1204 2313 1242 2374 37
1250 2328 1257 2374 :
1279 2313 1373 2372 Num-

212 2423 300 2482 quam
313 2416 432 2471 ecastor
450 2413 539 2473 hodie
558 2413 658 2487 scibis,
682 2414 853 2487 priusquam
867 2430 920 2486 ego
942 2428 977 2472 ee
1000 2415 1027 2470 te
1043 2410 1193 2471 audivero.
1216 2405 1330 2470 Pseud.
1347 2405 1378 2486 1,

214 2505 243 2579 l,
269 2507 302 2567 1:
326 2507 359 2565 Si
381 2523 416 2566 ea
439 2511 466 2568 te
486 2513 596 2569 tacente
619 2509 685 2569 iicri
708 2526 826 2584 possem
843 2511 962 2570 certior.
987 2504 1101 2572 Bacch.
1118 2503 1172 2582 IV,
1193 2510 1223 2583 7,
1246 2509 1301 2568 43:
1323 2507 1379 2568 Ere

214 2616 260 2660 me
282 2603 400 2677 quidem
429 2605 516 2667 hodic
545 2623 703 2683 numquam
729 2607 783 2668 fies
808 2609 926 2669 certior.
972 2603 1059 2668 Pers.
1077 2601 1132 2680 IV,
1149 2606 1178 2681 3,
1194 2605 1250 2666 49:
1274 2620 1309 2663 ee
1331 2609 1379 2664 ta-

216 2697 300 2760 bellis
314 2717 405 2763 nosce
421 2717 493 2763 rem.
517 2701 613 2768 Most.
630 2703 656 2784 I,
674 2709 761 2783 342:
785 2709 837 2768 Ec
853 2705 941 2778 factio
957 2718 1132 2765 noscerem.
1155 2697 1243 2763 Pers.
1256 2716 1284 2762 v.
1297 2702 1378 2762 487:

214 2811 230 2854 e
239 2803 378 2870 praetore
393 2802 525 2876 exquire.
549 2797 685 2880 Stichi,
701 2804 731 2880 2,
749 2805 803 2866 54:
827 2805 868 2863 At
881 2820 936 2878 ego
958 2818 994 2861 ea
1015 2805 1041 2858 te
1062 2814 1211 2873 exquaerc
1232 2803 1321 2872 atque
1340 2815 1381 2858 erc

210 2893 472 2958 cretensem.
495 2896 583 2962 Asin.
600 2895 641 2975 ΙΙ,
653 2903 684 2976 4,
701 2903 741 2963 95
757 2915 816 2977 sq.:
841 2901 866 2961 si
882 2916 964 2960 esses
977 2903 1172 2972 percontatus
1185 2895 1236 2954 Me
1249 2912 1285 2955 ea
1297 2894 1377 2957 aitis.

212 2987 329 3055 Bacch.
338 2991 380 3073 11,
396 2995 426 3073 2,
446 2997 497 3058 12:
520 2997 602 3056 Istuc
617 2996 753 3057 volebam
770 3013 825 3073 ego
840 3014 876 3057 err
892 3001 918 3055 te
933 2995 1149 3070 percontarier.
1175 2989 1262 3054 Pers.
1273 2989 1328 3069 IV,
1345 2995 1378 3069 4,

212 3091 272 3152 di:
295 3093 321 3152 si
340 3110 395 3152 nos
411 3109 446 3152 ec
462 3098 488 3154 te
502 3094 754 3168 percontabimur.
793 3089 881 3156 Pers.
904 3107 932 3154 v,
949 3093 1025 3155 499:
1048 3092 1230 3150 Percontare
1245 3105 1281 3148 ee
1296 3089 1379 3163 ipsis.

215 3183 271 3263 IV,
291 3191 321 3264 4,
345 3191 400 3251 43:
433 3191 509 3264 Quia
531 3191 609 3251 enim
632 3197 662 3250 te
681 3207 717 3251 er
732 3187 837 3264 puello
855 3191 939 3263 prius
959 3188 1133 3264 percontari
1149 3189 1223 3247 volo.
1269 3182 1324 3261 IV,
1346 3188 1379 3262 4,

218 3285 275 3345 59:
300 3286 325 3344 si
348 3285 418 3360 qnid
440 3287 485 3348 ris
508 3303 544 3348 erc
568 3287 623 3348 hoc
645 3288 860 3363 percontarier.
884 3280 1193 3361 Barchinon:
1217 3285 1291 3343 Rem
1307 3300 1378 3357 rep·

216 3381 286 3456 peri
308 3396 424 3442 omnem
451 3400 487 3442 err
515 3389 564 3446 teo
591 3386 743 3460 magatro.
780 3379 865 3446 Men.
889 3379 927 3458 V,
951 3383 979 3460 2,
1003 3385 1057 3445 57:
1096 3381 1158 3441 Iam
1182 3397 1236 3454 ego
1259 3396 1295 3438 erc
1318 3380 1380 3446 hoc,

216 3483 251 3538 ut
277 3475 436 3553 factumst,
471 3482 561 3542 scibo.
608 3477 692 3544 Men.
715 3475 773 3558 III,
802 3484 832 3558 3,
856 3483 912 3545 34:
946 3481 988 3542 Ut
1018 3480 1093 3540 haec
1126 3509 1164 3521 —
1196 3493 1232 3537 ee
1253 3493 1299 3536 me
1320 3477 1382 3536 iam

218 3576 304 3637 sciat.
349 3571 447 3639 Stich.
470 3593 498 3640 v.
525 3581 602 3642 324:
625 3580 749 3640 Possum
771 3580 849 3641 scire
872 3595 908 3640 ea
930 3581 957 3638 te
979 3575 1101 3638 rerum?
1143 3571 1239 3638 Most.
1256 3589 1284 3635 v.
1303 3573 1380 3635 745:

218 3673 253 3734 Ε
279 3689 337 3742 me,
370 3691 408 3735 no
439 3675 509 3749 qnid
536 3681 667 3749 metuas,
702 3678 744 3737 nil
768 3678 852 3738 sciet.
898 3671 986 3738 Pers.
1009 3671 1050 3752 11,
1075 3675 1105 3750 2,
1130 3674 1185 3736 36:
1219 3671 1259 3731 Ni
1282 3671 1380 3731 sciero

217 3771 302 3846 prius
325 3789 361 3833 err
382 3777 421 3840 te,
456 3779 489 3832 tu
511 3789 547 3832 ea
568 3789 792 3849 menumquam
815 3775 882 3848 hoc,
906 3771 984 3848 quod
1006 3773 1130 3846 rogitas,
1154 3770 1239 3832 scies.
1264 3763 1380 3829 Bacch.

220 3863 277 3947 IV,
300 3871 330 3948 6,
355 3871 409 3933 12:
445 3870 551 3930 Omnia
573 3871 682 3932 resciri
705 3874 822 3932 scelera
851 3885 887 3931 ee
908 3868 1091 3931 Mnesilocho
1117 3874 1177 3928 tua.
1224 3859 1314 3943 capt.
1337 3859 1378 3941 Π,

220 3967 259 4044 2,
290 3969 342 4031 13:
380 3965 493 4029 Secede
522 3968 596 4027 huc:
641 3982 709 4028 nam
739 3974 808 4029 suut
834 3983 910 4043 quae
938 3964 1021 4042 [ego]
1051 3981 1086 4026 ea
1124 3969 1151 4025 te
1184 3962 1245 4024 solo
1277 3961 1382 4023 scitari

220 4065 298 4125 volo.
329 4061 443 4128 Bacch.
464 4061 524 4143 111,
547 4066 576 4141 3,
600 4065 657 4126 65:
680 4082 739 4125 non
769 4080 805 4125 ea
827 4064 933 4127 cadite
955 4059 996 4138 (h.
1021 4078 1047 4126 e.
1070 4057 1168 4136 sama)
1192 4075 1292 4136 arguo.
1320 4053 1381 4122 Te·

222 4162 303 4224 rent.
327 4157 442 4224 Heaut.
467 4157 507 4239 11,
533 4165 560 4241 1,
585 4163 622 4224 9:
644 4162 810 4236 periculum
833 4178 869 4222 ee
891 4161 961 4221 otiis
983 4158 1084 4221 facito.
1113 4155 1168 4236 IV,
1193 4163 1220 4237 l,
1244 4159 1300 4220 45:
1324 4156 1383 4216 nisi

223 4267 258 4322 nt
279 4283 315 4328 ee
337 4267 404 4342 ipsc
426 4275 562 4335 quaeras.
608 4257 688 4323 Eun.
704 4253 730 4334 1,
755 4259 788 4336 2,
810 4255 1123 4332 macerarentur
1140 4285 1178 4300 -·
1195 4255 1228 4316 'se
1251 4252 1380 4315 audisse.
