<?xml version="1.0" encoding="UTF-8"?>
<!DOCTYPE html PUBLIC "-//W3C//DTD XHTML 1.0 Transitional//EN"
    "http://www.w3.org/TR/xhtml1/DTD/xhtml1-transitional.dtd">
<html xmlns="http://www.w3.org/1999/xhtml" xml:lang="en" lang="en">
 <head>
  <title>
</title>
<meta http-equiv="Content-Type" content="text/html;charset=utf-8" />
  <meta name='ocr-system' content='tesseract 3.04.00' />
  <meta name='ocr-capabilities' content='ocr_page ocr_carea ocr_par ocr_line ocrx_word'/>
</head>
<body>
  <div class='ocr_page' id='page_1' title='image "./syntaxispriscor01holtgoog_0111.png"; bbox 0 0 3058 4766; ppageno 0'>
   <div class='ocr_carea' id='block_1_1' title="bbox 195 249 911 316">
    <p class='ocr_par' dir='ltr' id='par_1_1' title="bbox 195 249 911 316">
     <span class='ocr_line' id='line_1_1' title="bbox 195 249 911 316; baseline 0.007 -31"><span class='ocrx_word' id='word_1_1' title='bbox 195 259 236 316; x_wconf 69' lang='lat'><strong>94</strong></span> <span class='ocrx_word' id='word_1_2' title='bbox 623 249 774 290; x_wconf 73' lang='lat' dir='ltr'><strong>SUBS&#39;PAN&#39;P.</strong></span> <span class='ocrx_word' id='word_1_3' title='bbox 793 249 855 288; x_wconf 79' lang='grc' dir='ltr'><strong>ΟΑΡ.</strong></span> <span class='ocrx_word' id='word_1_4' title='bbox 870 249 911 290; x_wconf 74' lang='grc' dir='ltr'>ΙΙΙ.</span> 
     </span>
    </p>
   </div>
   <div class='ocr_carea' id='block_1_2' title="bbox 192 419 1358 1968">
    <p class='ocr_par' dir='ltr' id='par_1_2' title="bbox 192 419 1358 1968">
     <span class='ocr_line' id='line_1_2' title="bbox 193 419 1356 498; baseline -0.002 -14"><span class='ocrx_word' id='word_1_5' title='bbox 193 443 258 484; x_wconf 73' lang='lat' dir='ltr'><strong>uam</strong></span> <span class='ocrx_word' id='word_1_6' title='bbox 280 439 317 484; x_wconf 83' lang='lat' dir='ltr'><strong>ec</strong></span> <span class='ocrx_word' id='word_1_7' title='bbox 338 423 568 486; x_wconf 86' lang='lat' dir='ltr'><strong>confabulatnst.</strong></span> <span class='ocrx_word' id='word_1_8' title='bbox 614 422 711 488; x_wconf 88' lang='lat' dir='ltr'><strong>Mero.</strong></span> <span class='ocrx_word' id='word_1_9' title='bbox 734 442 763 488; x_wconf 82' lang='lat' dir='ltr'><strong>v,</strong></span> <span class='ocrx_word' id='word_1_10' title='bbox 787 427 872 487; x_wconf 81' lang='lat'><strong>872:</strong></span> <span class='ocrx_word' id='word_1_11' title='bbox 902 422 1051 498; x_wconf 86' lang='lat' dir='ltr'>Siquidem</span> <span class='ocrx_word' id='word_1_12' title='bbox 1085 438 1197 482; x_wconf 77' lang='lat' dir='ltr'><strong>caccum</strong></span> <span class='ocrx_word' id='word_1_13' title='bbox 1226 419 1356 482; x_wconf 86' lang='lat' dir='ltr'><strong>fabulari</strong></span> 
     </span>
     <span class='ocr_line' id='line_1_3' title="bbox 193 518 1353 599; baseline -0.002 -17"><span class='ocrx_word' id='word_1_14' title='bbox 193 524 246 582; x_wconf 88' lang='lat' dir='ltr'><strong>vis.</strong></span> <span class='ocrx_word' id='word_1_15' title='bbox 290 519 374 584; x_wconf 88' lang='lat' dir='ltr'><strong>Men.</strong></span> <span class='ocrx_word' id='word_1_16' title='bbox 399 518 436 599; x_wconf 85' lang='lat' dir='ltr'><strong>V,</strong></span> <span class='ocrx_word' id='word_1_17' title='bbox 462 527 489 599; x_wconf 90' lang='lat' dir='ltr'><strong>l,</strong></span> <span class='ocrx_word' id='word_1_18' title='bbox 514 525 567 584; x_wconf 91' lang='lat' dir='ltr'><strong>ll:</strong></span> <span class='ocrx_word' id='word_1_19' title='bbox 593 540 705 583; x_wconf 82' lang='lat' dir='ltr'><strong>mecum</strong></span> <span class='ocrx_word' id='word_1_20' title='bbox 730 525 821 599; x_wconf 89' lang='lat' dir='ltr'><strong>loqui.</strong></span> <span class='ocrx_word' id='word_1_21' title='bbox 867 518 951 582; x_wconf 91' lang='lat' dir='ltr'><strong>Men.</strong></span> <span class='ocrx_word' id='word_1_22' title='bbox 975 537 1002 581; x_wconf 84' lang='lat' dir='ltr'><strong>v.</strong></span> <span class='ocrx_word' id='word_1_23' title='bbox 1028 522 1102 582; x_wconf 83' lang='lat'><strong>369:</strong></span> <span class='ocrx_word' id='word_1_24' title='bbox 1131 519 1255 595; x_wconf 79' lang='lat' dir='ltr'><strong>Quicum</strong></span> <span class='ocrx_word' id='word_1_25' title='bbox 1277 521 1353 580; x_wconf 87' lang='lat' dir='ltr'><strong>haec</strong></span> 
     </span>
     <span class='ocr_line' id='line_1_4' title="bbox 193 615 1353 696; baseline -0.002 -16"><span class='ocrx_word' id='word_1_26' title='bbox 193 621 301 680; x_wconf 89' lang='lat' dir='ltr'><strong>mulier</strong></span> <span class='ocrx_word' id='word_1_27' title='bbox 323 619 474 694; x_wconf 85' lang='lat' dir='ltr'><strong>loquitur?</strong></span> <span class='ocrx_word' id='word_1_28' title='bbox 502 618 566 682; x_wconf 86' lang='lat' dir='ltr'><strong>BR.</strong></span> <span class='ocrx_word' id='word_1_29' title='bbox 589 623 735 696; x_wconf 85' lang='lat' dir='ltr'><strong>Equidem</strong></span> <span class='ocrx_word' id='word_1_30' title='bbox 757 627 857 682; x_wconf 72' lang='lat' dir='ltr'><strong>tecam</strong></span> <span class='ocrx_word' id='word_1_31' title='bbox 897 616 979 680; x_wconf 88' lang='lat' dir='ltr'><strong>Men.</strong></span> <span class='ocrx_word' id='word_1_32' title='bbox 1003 615 1045 694; x_wconf 88' lang='lat'><strong>11,</strong></span> <span class='ocrx_word' id='word_1_33' title='bbox 1069 619 1098 692; x_wconf 89' lang='grc'><strong>2,</strong></span> <span class='ocrx_word' id='word_1_34' title='bbox 1118 620 1174 680; x_wconf 86' lang='lat'><strong>49:</strong></span> <span class='ocrx_word' id='word_1_35' title='bbox 1203 635 1268 678; x_wconf 83' lang='lat' dir='ltr'><strong>cum</strong></span> <span class='ocrx_word' id='word_1_36' title='bbox 1290 620 1353 692; x_wconf 84' lang='lat' dir='ltr'><strong>hoc,</strong></span> 
     </span>
     <span class='ocr_line' id='line_1_5' title="bbox 194 716 1355 792; baseline 0.002 -16"><span class='ocrx_word' id='word_1_37' title='bbox 194 735 280 792; x_wconf 88' lang='lat' dir='ltr'><strong>quem</strong></span> <span class='ocrx_word' id='word_1_38' title='bbox 303 720 385 790; x_wconf 86' lang='lat' dir='ltr'><strong>nori,</strong></span> <span class='ocrx_word' id='word_1_39' title='bbox 422 717 549 781; x_wconf 83' lang='lat' dir='ltr'><strong>fabulor.</strong></span> <span class='ocrx_word' id='word_1_40' title='bbox 595 716 691 782; x_wconf 82' lang='lat' dir='ltr'><strong>Stich.</strong></span> <span class='ocrx_word' id='word_1_41' title='bbox 719 738 748 781; x_wconf 89' lang='lat' dir='ltr'><strong>v.</strong></span> <span class='ocrx_word' id='word_1_42' title='bbox 777 721 810 780; x_wconf 88' lang='lat'><strong>8:</strong></span> <span class='ocrx_word' id='word_1_43' title='bbox 846 719 921 778; x_wconf 80' lang='lat' dir='ltr'><strong>Volo</strong></span> <span class='ocrx_word' id='word_1_44' title='bbox 945 721 1036 776; x_wconf 82' lang='lat' dir='ltr'><strong>tecum</strong></span> <span class='ocrx_word' id='word_1_45' title='bbox 1062 717 1144 790; x_wconf 88' lang='lat' dir='ltr'><strong>loqui</strong></span> <span class='ocrx_word' id='word_1_46' title='bbox 1171 716 1207 774; x_wconf 88' lang='lat' dir='ltr'><strong>dc</strong></span> <span class='ocrx_word' id='word_1_47' title='bbox 1230 732 1264 774; x_wconf 89' lang='lat' dir='ltr'><strong>re</strong></span> <span class='ocrx_word' id='word_1_48' title='bbox 1287 717 1355 778; x_wconf 82' lang='lat' dir='ltr'><strong>viri.</strong></span> 
     </span>
     <span class='ocr_line' id='line_1_6' title="bbox 197 810 1356 891; baseline 0.004 -15"><span class='ocrx_word' id='word_1_49' title='bbox 197 811 314 878; x_wconf 81' lang='lat' dir='ltr'><strong>Pseud.</strong></span> <span class='ocrx_word' id='word_1_50' title='bbox 336 813 391 889; x_wconf 87' lang='lat' dir='ltr'><strong>IV,</strong></span> <span class='ocrx_word' id='word_1_51' title='bbox 415 820 444 891; x_wconf 83' lang='lat'><strong>7,</strong></span> <span class='ocrx_word' id='word_1_52' title='bbox 466 817 526 878; x_wconf 85' lang='lat'><strong>48:</strong></span> <span class='ocrx_word' id='word_1_53' title='bbox 549 818 625 889; x_wconf 78' lang='lat' dir='ltr'><strong>Quin</strong></span> <span class='ocrx_word' id='word_1_54' title='bbox 649 825 681 877; x_wconf 90' lang='lat' dir='ltr'><strong>tu</strong></span> <span class='ocrx_word' id='word_1_55' title='bbox 701 833 815 876; x_wconf 72' lang='lat' dir='ltr'><strong>nucum</strong></span> <span class='ocrx_word' id='word_1_56' title='bbox 837 814 991 874; x_wconf 83' lang='lat' dir='ltr'><strong>fabulare?</strong></span> <span class='ocrx_word' id='word_1_57' title='bbox 1035 810 1150 876; x_wconf 87' lang='lat' dir='ltr'><strong>Pseud</strong></span> <span class='ocrx_word' id='word_1_58' title='bbox 1174 810 1200 889; x_wconf 90' lang='lat'><strong>1,</strong></span> <span class='ocrx_word' id='word_1_59' title='bbox 1224 815 1252 887; x_wconf 88' lang='grc'><strong>3,</strong></span> <span class='ocrx_word' id='word_1_60' title='bbox 1278 816 1356 881; x_wconf 85' lang='lat'>143:</span> 
     </span>
     <span class='ocr_line' id='line_1_7' title="bbox 194 906 1355 992; baseline -0.001 -20"><span class='ocrx_word' id='word_1_61' title='bbox 194 915 262 987; x_wconf 90' lang='lat' dir='ltr'><strong>plns</strong></span> <span class='ocrx_word' id='word_1_62' title='bbox 285 916 379 972; x_wconf 83' lang='lat' dir='ltr'><strong>tecum</strong></span> <span class='ocrx_word' id='word_1_63' title='bbox 401 917 517 988; x_wconf 89' lang='lat' dir='ltr'><strong>loquar.</strong></span> <span class='ocrx_word' id='word_1_64' title='bbox 561 911 596 992; x_wconf 90' lang='grc' dir='ltr'><strong>Ι,</strong></span> <span class='ocrx_word' id='word_1_65' title='bbox 620 917 654 992; x_wconf 85' lang='grc'><strong>5,</strong></span> <span class='ocrx_word' id='word_1_66' title='bbox 678 919 734 978; x_wconf 82' lang='lat'><strong>50:</strong></span> <span class='ocrx_word' id='word_1_67' title='bbox 766 916 919 975; x_wconf 77' lang='lat' dir='ltr'>Socratem</span> <span class='ocrx_word' id='word_1_68' title='bbox 942 916 1034 972; x_wconf 67' lang='lat' dir='ltr'><strong>acam</strong></span> <span class='ocrx_word' id='word_1_69' title='bbox 1056 913 1147 986; x_wconf 89' lang='lat' dir='ltr'><strong>loqui.</strong></span> <span class='ocrx_word' id='word_1_70' title='bbox 1189 908 1306 974; x_wconf 86' lang='lat' dir='ltr'><strong>Pseud.</strong></span> <span class='ocrx_word' id='word_1_71' title='bbox 1329 906 1355 985; x_wconf 89' lang='lat'><strong>1,</strong></span> 
     </span>
     <span class='ocr_line' id='line_1_8' title="bbox 194 1011 1356 1087; baseline -0.002 -15"><span class='ocrx_word' id='word_1_72' title='bbox 194 1013 222 1084; x_wconf 82' lang='lat'><strong>2,</strong></span> <span class='ocrx_word' id='word_1_73' title='bbox 247 1012 303 1073; x_wconf 81' lang='lat'><strong>25:</strong></span> <span class='ocrx_word' id='word_1_74' title='bbox 332 1012 374 1070; x_wconf 89' lang='lat' dir='ltr'><strong>Te</strong></span> <span class='ocrx_word' id='word_1_75' title='bbox 397 1029 463 1072; x_wconf 79' lang='lat' dir='ltr'><strong>cam</strong></span> <span class='ocrx_word' id='word_1_76' title='bbox 483 1013 579 1072; x_wconf 79' lang='lat' dir='ltr'><strong>securi</strong></span> <span class='ocrx_word' id='word_1_77' title='bbox 600 1013 748 1073; x_wconf 82' lang='lat' dir='ltr'><strong>caudiculi</strong></span> <span class='ocrx_word' id='word_1_78' title='bbox 769 1011 911 1087; x_wconf 87' lang='lat' dir='ltr'><strong>praeficio</strong></span> <span class='ocrx_word' id='word_1_79' title='bbox 933 1011 1112 1084; x_wconf 86' lang='lat' dir='ltr'><strong>provinciae.</strong></span> <span class='ocrx_word' id='word_1_80' title='bbox 1150 1025 1180 1072; x_wconf 87' lang='lat' dir='ltr'><strong>v.</strong></span> <span class='ocrx_word' id='word_1_81' title='bbox 1202 1012 1261 1072; x_wconf 95' lang='lat' dir='ltr'><strong>4l:</strong></span> <span class='ocrx_word' id='word_1_82' title='bbox 1295 1011 1356 1070; x_wconf 87' lang='lat' dir='ltr'><strong>Vos</strong></span> 
     </span>
     <span class='ocr_line' id='line_1_9' title="bbox 194 1108 1358 1185; baseline 0 -17"><span class='ocrx_word' id='word_1_83' title='bbox 194 1126 270 1183; x_wconf 87' lang='lat' dir='ltr'><strong>qnae</strong></span> <span class='ocrx_word' id='word_1_84' title='bbox 293 1110 323 1168; x_wconf 94' lang='lat' dir='ltr'><strong>in</strong></span> <span class='ocrx_word' id='word_1_85' title='bbox 346 1110 499 1170; x_wconf 81' lang='lat' dir='ltr'><strong>munditiis</strong></span> <span class='ocrx_word' id='word_1_86' title='bbox 522 1113 656 1172; x_wconf 90' lang='lat' dir='ltr'><strong>mollitiis</strong></span> <span class='ocrx_word' id='word_1_87' title='bbox 680 1111 854 1185; x_wconf 79' lang='lat' dir='ltr'><strong>deliciisque</strong></span> <span class='ocrx_word' id='word_1_88' title='bbox 881 1109 1042 1168; x_wconf 78' lang='lat' dir='ltr'><strong>aetatulam</strong></span> <span class='ocrx_word' id='word_1_89' title='bbox 1065 1109 1152 1181; x_wconf 83' lang='lat' dir='ltr'><strong>agitis</strong></span> <span class='ocrx_word' id='word_1_90' title='bbox 1184 1108 1266 1168; x_wconf 74' lang='lat' dir='ltr'><strong>Virta</strong></span> <span class='ocrx_word' id='word_1_91' title='bbox 1292 1126 1358 1168; x_wconf 81' lang='lat' dir='ltr'><strong>cum</strong></span> 
     </span>
     <span class='ocr_line' id='line_1_10' title="bbox 192 1204 1354 1284; baseline 0 -20"><span class='ocrx_word' id='word_1_92' title='bbox 192 1207 324 1266; x_wconf 76' lang='lat' dir='ltr'><strong>smmis.</strong></span> <span class='ocrx_word' id='word_1_93' title='bbox 372 1204 488 1270; x_wconf 83' lang='lat' dir='ltr'><strong>Bacch.</strong></span> <span class='ocrx_word' id='word_1_94' title='bbox 517 1204 561 1284; x_wconf 86' lang='lat'><strong>11,</strong></span> <span class='ocrx_word' id='word_1_95' title='bbox 590 1211 619 1284; x_wconf 84' lang='lat'><strong>3,</strong></span> <span class='ocrx_word' id='word_1_96' title='bbox 649 1211 698 1270; x_wconf 91' lang='grc'><strong>70.</strong></span> <span class='ocrx_word' id='word_1_97' title='bbox 732 1205 791 1284; x_wconf 84' lang='lat' dir='ltr'><strong>IV,</strong></span> <span class='ocrx_word' id='word_1_98' title='bbox 814 1213 850 1282; x_wconf 92' lang='grc'><strong>7,</strong></span> <span class='ocrx_word' id='word_1_99' title='bbox 877 1210 928 1268; x_wconf 81' lang='lat' dir='ltr'><strong>lo:</strong></span> <span class='ocrx_word' id='word_1_100' title='bbox 956 1213 989 1265; x_wconf 93' lang='lat' dir='ltr'><strong>ut</strong></span> <span class='ocrx_word' id='word_1_101' title='bbox 1013 1211 1227 1280; x_wconf 81' lang='lat' dir='ltr'><strong>pergraecetur</strong></span> <span class='ocrx_word' id='word_1_102' title='bbox 1253 1210 1354 1266; x_wconf 82' lang='lat' dir='ltr'><strong>tecum.</strong></span> 
     </span>
     <span class='ocr_line' id='line_1_11' title="bbox 194 1298 1357 1381; baseline -0.002 -17"><span class='ocrx_word' id='word_1_103' title='bbox 194 1299 281 1364; x_wconf 86' lang='lat' dir='ltr'><strong>Asin.</strong></span> <span class='ocrx_word' id='word_1_104' title='bbox 304 1300 346 1380; x_wconf 92' lang='grc' dir='ltr'><strong>ΙΙ,</strong></span> <span class='ocrx_word' id='word_1_105' title='bbox 370 1307 399 1381; x_wconf 92' lang='grc'><strong>2,</strong></span> <span class='ocrx_word' id='word_1_106' title='bbox 422 1310 457 1366; x_wconf 89' lang='lat'><strong>4:</strong></span> <span class='ocrx_word' id='word_1_107' title='bbox 490 1304 615 1377; x_wconf 79' lang='lat' dir='ltr'><strong>Quando</strong></span> <span class='ocrx_word' id='word_1_108' title='bbox 637 1323 747 1365; x_wconf 82' lang='lat' dir='ltr'><strong>mecam</strong></span> <span class='ocrx_word' id='word_1_109' title='bbox 769 1307 883 1379; x_wconf 87' lang='lat' dir='ltr'><strong>pariter</strong></span> <span class='ocrx_word' id='word_1_110' title='bbox 905 1310 1020 1378; x_wconf 89' lang='lat' dir='ltr'><strong>potant.</strong></span> <span class='ocrx_word' id='word_1_111' title='bbox 1058 1298 1151 1365; x_wconf 83' lang='lat' dir='ltr'><strong>Most.</strong></span> <span class='ocrx_word' id='word_1_112' title='bbox 1173 1299 1198 1377; x_wconf 93' lang='grc' dir='ltr'><strong>Ι,</strong></span> <span class='ocrx_word' id='word_1_113' title='bbox 1222 1305 1250 1378; x_wconf 87' lang='grc'><strong>3,</strong></span> <span class='ocrx_word' id='word_1_114' title='bbox 1277 1305 1357 1364; x_wconf 74' lang='lat'><strong>137:</strong></span> 
     </span>
     <span class='ocr_line' id='line_1_12' title="bbox 192 1401 1351 1474; baseline -0.001 -13"><span class='ocrx_word' id='word_1_115' title='bbox 192 1406 298 1474; x_wconf 86' lang='lat' dir='ltr'><strong>potare</strong></span> <span class='ocrx_word' id='word_1_116' title='bbox 322 1405 415 1462; x_wconf 81' lang='lat' dir='ltr'><strong>tecum</strong></span> <span class='ocrx_word' id='word_1_117' title='bbox 438 1404 650 1464; x_wconf 91' lang='lat' dir='ltr'><strong>conluhitumst</strong></span> <span class='ocrx_word' id='word_1_118' title='bbox 671 1405 752 1464; x_wconf 92' lang='lat' dir='ltr'><strong>mihi.</strong></span> <span class='ocrx_word' id='word_1_119' title='bbox 797 1419 825 1463; x_wconf 93' lang='lat' dir='ltr'><strong>v.</strong></span> <span class='ocrx_word' id='word_1_120' title='bbox 851 1404 927 1466; x_wconf 79' lang='lat'>138:</span> <span class='ocrx_word' id='word_1_121' title='bbox 957 1403 998 1460; x_wconf 86' lang='lat' dir='ltr'><strong>Et</strong></span> <span class='ocrx_word' id='word_1_122' title='bbox 1025 1401 1131 1474; x_wconf 87' lang='lat' dir='ltr'><strong>edepol</strong></span> <span class='ocrx_word' id='word_1_123' title='bbox 1157 1401 1229 1458; x_wconf 88' lang='lat' dir='ltr'><strong>mihi</strong></span> <span class='ocrx_word' id='word_1_124' title='bbox 1250 1404 1351 1461; x_wconf 84' lang='lat' dir='ltr'><strong>tecum.</strong></span> 
     </span>
     <span class='ocr_line' id='line_1_13' title="bbox 192 1495 1355 1576; baseline -0.004 -16"><span class='ocrx_word' id='word_1_125' title='bbox 192 1495 287 1562; x_wconf 82' lang='lat' dir='ltr'><strong>Most.</strong></span> <span class='ocrx_word' id='word_1_126' title='bbox 318 1496 374 1576; x_wconf 89' lang='lat' dir='ltr'><strong>IV,</strong></span> <span class='ocrx_word' id='word_1_127' title='bbox 405 1502 434 1576; x_wconf 83' lang='lat'><strong>2,</strong></span> <span class='ocrx_word' id='word_1_128' title='bbox 459 1503 515 1566; x_wconf 84' lang='lat'><strong>49:</strong></span> <span class='ocrx_word' id='word_1_129' title='bbox 549 1503 607 1562; x_wconf 87' lang='lat' dir='ltr'><strong>Ain</strong></span> <span class='ocrx_word' id='word_1_130' title='bbox 642 1507 675 1560; x_wconf 90' lang='lat' dir='ltr'><strong>tn</strong></span> <span class='ocrx_word' id='word_1_131' title='bbox 703 1502 771 1560; x_wconf 90' lang='lat' dir='ltr'><strong>istic</strong></span> <span class='ocrx_word' id='word_1_132' title='bbox 808 1505 914 1575; x_wconf 87' lang='lat' dir='ltr'><strong>potare</strong></span> <span class='ocrx_word' id='word_1_133' title='bbox 944 1501 1063 1560; x_wconf 88' lang='lat' dir='ltr'><strong>solitum</strong></span> <span class='ocrx_word' id='word_1_134' title='bbox 1089 1499 1290 1557; x_wconf 84' lang='lat' dir='ltr'><strong>Philolachem</strong></span> <span class='ocrx_word' id='word_1_135' title='bbox 1312 1529 1355 1538; x_wconf 87' lang='lat'><em>-</em></span> 
     </span>
     <span class='ocr_line' id='line_1_14' title="bbox 196 1592 1353 1662; baseline -0.002 -4"><span class='ocrx_word' id='word_1_136' title='bbox 196 1596 270 1658; x_wconf 75' lang='lat' dir='ltr'><strong>Cum</strong></span> <span class='ocrx_word' id='word_1_137' title='bbox 292 1613 341 1656; x_wconf 87' lang='lat' dir='ltr'><strong>cro</strong></span> <span class='ocrx_word' id='word_1_138' title='bbox 363 1599 483 1658; x_wconf 67' lang='lat' dir='ltr'><strong>auaro?</strong></span> <span class='ocrx_word' id='word_1_139' title='bbox 506 1615 534 1662; x_wconf 85' lang='lat' dir='ltr'><strong>v.</strong></span> <span class='ocrx_word' id='word_1_140' title='bbox 558 1601 612 1661; x_wconf 83' lang='lat' dir='ltr'><strong>ol:</strong></span> <span class='ocrx_word' id='word_1_141' title='bbox 636 1599 723 1659; x_wconf 89' lang='lat' dir='ltr'><strong>simul</strong></span> <span class='ocrx_word' id='word_1_142' title='bbox 746 1599 811 1658; x_wconf 77' lang='lat' dir='ltr'><strong>Tac</strong></span> <span class='ocrx_word' id='word_1_143' title='bbox 833 1614 898 1658; x_wconf 86' lang='lat' dir='ltr'><strong>cum</strong></span> <span class='ocrx_word' id='word_1_144' title='bbox 920 1595 1061 1656; x_wconf 58' lang='lat' dir='ltr'><strong>minoi</strong></span> <span class='ocrx_word' id='word_1_145' title='bbox 1076 1592 1191 1658; x_wconf 87' lang='lat' dir='ltr'><strong>Pseud.</strong></span> <span class='ocrx_word' id='word_1_146' title='bbox 1211 1610 1239 1656; x_wconf 87' lang='lat' dir='ltr'><strong>v.</strong></span> <span class='ocrx_word' id='word_1_147' title='bbox 1259 1596 1353 1656; x_wconf 81' lang='lat'>1307:</span> 
     </span>
     <span class='ocr_line' id='line_1_15' title="bbox 196 1692 1354 1772; baseline -0.004 -17"><span class='ocrx_word' id='word_1_148' title='bbox 196 1695 269 1755; x_wconf 78' lang='lat' dir='ltr'><strong>Oum</strong></span> <span class='ocrx_word' id='word_1_149' title='bbox 292 1699 341 1754; x_wconf 76' lang='lat' dir='ltr'><strong>tato</strong></span> <span class='ocrx_word' id='word_1_150' title='bbox 364 1695 426 1766; x_wconf 77' lang='lat' dir='ltr'><strong>filio</strong></span> <span class='ocrx_word' id='word_1_151' title='bbox 448 1697 605 1772; x_wconf 85' lang='lat' dir='ltr'><strong>perpotari</strong></span> <span class='ocrx_word' id='word_1_152' title='bbox 628 1695 724 1757; x_wconf 90' lang='lat' dir='ltr'><strong>modo.</strong></span> <span class='ocrx_word' id='word_1_153' title='bbox 769 1693 885 1758; x_wconf 80' lang='lat' dir='ltr'><strong>Bacch.</strong></span> <span class='ocrx_word' id='word_1_154' title='bbox 908 1692 950 1771; x_wconf 89' lang='lat' dir='ltr'><strong>V,</strong></span> <span class='ocrx_word' id='word_1_155' title='bbox 975 1696 1008 1769; x_wconf 87' lang='grc'><strong>2,</strong></span> <span class='ocrx_word' id='word_1_156' title='bbox 1038 1694 1093 1754; x_wconf 85' lang='lat'><strong>62:</strong></span> <span class='ocrx_word' id='word_1_157' title='bbox 1127 1693 1220 1752; x_wconf 89' lang='lat' dir='ltr'><strong>Ihac</strong></span> <span class='ocrx_word' id='word_1_158' title='bbox 1241 1709 1354 1752; x_wconf 75' lang='lat' dir='ltr'><strong>caccum</strong></span> 
     </span>
     <span class='ocr_line' id='line_1_16' title="bbox 192 1791 1352 1867; baseline -0.003 -15"><span class='ocrx_word' id='word_1_159' title='bbox 192 1793 282 1856; x_wconf 91' lang='lat' dir='ltr'><strong>intro.</strong></span> <span class='ocrx_word' id='word_1_160' title='bbox 326 1809 356 1854; x_wconf 91' lang='lat' dir='ltr'><strong>v.</strong></span> <span class='ocrx_word' id='word_1_161' title='bbox 385 1793 439 1854; x_wconf 85' lang='lat'><strong>66:</strong></span> <span class='ocrx_word' id='word_1_162' title='bbox 473 1794 539 1853; x_wconf 87' lang='lat' dir='ltr'><strong>isne</strong></span> <span class='ocrx_word' id='word_1_163' title='bbox 567 1794 623 1852; x_wconf 76' lang='lat' dir='ltr'><strong>lucc</strong></span> <span class='ocrx_word' id='word_1_164' title='bbox 656 1811 771 1854; x_wconf 90' lang='lat' dir='ltr'><strong>mecum</strong></span> <span class='ocrx_word' id='word_1_165' title='bbox 797 1793 897 1854; x_wconf 83' lang='lat' dir='ltr'><strong>intro?</strong></span> <span class='ocrx_word' id='word_1_166' title='bbox 937 1791 1032 1856; x_wconf 87' lang='lat' dir='ltr'><strong>Most.</strong></span> <span class='ocrx_word' id='word_1_167' title='bbox 1061 1808 1089 1853; x_wconf 82' lang='lat' dir='ltr'><strong>v,</strong></span> <span class='ocrx_word' id='word_1_168' title='bbox 1112 1793 1188 1853; x_wconf 80' lang='lat'>898:</span> <span class='ocrx_word' id='word_1_169' title='bbox 1225 1794 1352 1867; x_wconf 80' lang='lat' dir='ltr'><strong>Mecum,</strong></span> 
     </span>
     <span class='ocr_line' id='line_1_17' title="bbox 194 1887 1356 1968; baseline -0.003 -19"><span class='ocrx_word' id='word_1_170' title='bbox 194 1907 347 1968; x_wconf 90' lang='lat' dir='ltr'><strong>pessume,</strong></span> <span class='ocrx_word' id='word_1_171' title='bbox 374 1891 417 1950; x_wconf 88' lang='lat' dir='ltr'><strong>ito</strong></span> <span class='ocrx_word' id='word_1_172' title='bbox 439 1891 590 1952; x_wconf 87' lang='lat' dir='ltr'><strong>advorsus.</strong></span> <span class='ocrx_word' id='word_1_173' title='bbox 634 1887 689 1968; x_wconf 87' lang='lat' dir='ltr'><strong>IV,</strong></span> <span class='ocrx_word' id='word_1_174' title='bbox 713 1893 747 1967; x_wconf 91' lang='grc'><strong>3,</strong></span> <span class='ocrx_word' id='word_1_175' title='bbox 770 1894 829 1954; x_wconf 90' lang='lat'><strong>43:</strong></span> <span class='ocrx_word' id='word_1_176' title='bbox 867 1893 1029 1967; x_wconf 72' lang='lat' dir='ltr'><strong>Iactum,</strong></span> <span class='ocrx_word' id='word_1_177' title='bbox 1063 1897 1094 1948; x_wconf 91' lang='lat' dir='ltr'><strong>te</strong></span> <span class='ocrx_word' id='word_1_178' title='bbox 1120 1891 1264 1964; x_wconf 89' lang='lat' dir='ltr'><strong>obsecro,</strong></span> <span class='ocrx_word' id='word_1_179' title='bbox 1297 1908 1356 1948; x_wconf 86' lang='lat' dir='ltr'><strong>uun</strong></span> 
     </span>
    </p>
   </div>
   <div class='ocr_carea' id='block_1_3' title="bbox 93 1985 1355 2066">
    <p class='ocr_par' dir='ltr' id='par_1_3' title="bbox 93 1985 1355 2066">
     <span class='ocr_line' id='line_1_18' title="bbox 93 1985 1355 2066; baseline 0 -20"><span class='ocrx_word' id='word_1_180' title='bbox 93 2061 94 2066; x_wconf 8' lang='grc' dir='ltr'>ἵ</span> <span class='ocrx_word' id='word_1_181' title='bbox 195 2007 273 2048; x_wconf 88' lang='lat' dir='ltr'><strong>nnnc</strong></span> <span class='ocrx_word' id='word_1_182' title='bbox 297 1990 383 2050; x_wconf 92' lang='lat' dir='ltr'><strong>simul</strong></span> <span class='ocrx_word' id='word_1_183' title='bbox 409 1986 466 2063; x_wconf 86' lang='lat' dir='ltr'><strong>(sic</strong></span> <span class='ocrx_word' id='word_1_184' title='bbox 489 1985 706 2063; x_wconf 85' lang='lat' dir='ltr'><strong>Bitschelius).</strong></span> <span class='ocrx_word' id='word_1_185' title='bbox 748 1986 844 2050; x_wconf 89' lang='lat' dir='ltr'><strong>Mero.</strong></span> <span class='ocrx_word' id='word_1_186' title='bbox 869 2006 899 2050; x_wconf 87' lang='lat' dir='ltr'><strong>v.</strong></span> <span class='ocrx_word' id='word_1_187' title='bbox 921 1989 999 2050; x_wconf 82' lang='lat'>462:</span> <span class='ocrx_word' id='word_1_188' title='bbox 1028 1989 1086 2048; x_wconf 85' lang='lat' dir='ltr'><strong>Vin</strong></span> <span class='ocrx_word' id='word_1_189' title='bbox 1109 2005 1155 2048; x_wconf 91' lang='lat' dir='ltr'><strong>me</strong></span> <span class='ocrx_word' id='word_1_190' title='bbox 1187 1991 1280 2048; x_wconf 80' lang='lat' dir='ltr'><strong>tecum</strong></span> <span class='ocrx_word' id='word_1_191' title='bbox 1301 1988 1355 2046; x_wconf 94' lang='lat' dir='ltr'><strong>illo</strong></span> 
     </span>
    </p>
   </div>
   <div class='ocr_carea' id='block_1_4' title="bbox 148 2082 1356 4120">
    <p class='ocr_par' dir='ltr' id='par_1_4' title="bbox 148 2082 1356 3826">
     <span class='ocr_line' id='line_1_19' title="bbox 193 2082 1355 2164; baseline -0.001 -18"><span class='ocrx_word' id='word_1_192' title='bbox 193 2084 259 2146; x_wconf 81' lang='lat' dir='ltr'><strong>ire?</strong></span> <span class='ocrx_word' id='word_1_193' title='bbox 302 2083 342 2164; x_wconf 86' lang='lat' dir='ltr'><strong>V,</strong></span> <span class='ocrx_word' id='word_1_194' title='bbox 365 2089 394 2163; x_wconf 91' lang='grc'><strong>2,</strong></span> <span class='ocrx_word' id='word_1_195' title='bbox 418 2089 472 2150; x_wconf 85' lang='grc'><strong>27;</strong></span> <span class='ocrx_word' id='word_1_196' title='bbox 497 2087 574 2159; x_wconf 82' lang='lat' dir='ltr'><strong>ouis</strong></span> <span class='ocrx_word' id='word_1_197' title='bbox 597 2103 643 2145; x_wconf 86' lang='lat' dir='ltr'><strong>me</strong></span> <span class='ocrx_word' id='word_1_198' title='bbox 666 2085 776 2146; x_wconf 82' lang='lat' dir='ltr'><strong>uoltis?</strong></span> <span class='ocrx_word' id='word_1_199' title='bbox 809 2083 877 2150; x_wconf 83' lang='lat' dir='ltr'><strong>BU.</strong></span> <span class='ocrx_word' id='word_1_200' title='bbox 906 2087 954 2146; x_wconf 88' lang='lat' dir='ltr'><strong>Ire</strong></span> <span class='ocrx_word' id='word_1_201' title='bbox 978 2090 1078 2148; x_wconf 83' lang='lat' dir='ltr'><strong>tecum.</strong></span> <span class='ocrx_word' id='word_1_202' title='bbox 1123 2083 1221 2148; x_wconf 88' lang='lat' dir='ltr'><strong>Mero.</strong></span> <span class='ocrx_word' id='word_1_203' title='bbox 1244 2082 1298 2162; x_wconf 85' lang='lat' dir='ltr'><strong>IV,</strong></span> <span class='ocrx_word' id='word_1_204' title='bbox 1327 2087 1355 2157; x_wconf 90' lang='lat'><strong>1,</strong></span> 
     </span>
     <span class='ocr_line' id='line_1_20' title="bbox 195 2179 1356 2261; baseline -0.002 -15"><span class='ocrx_word' id='word_1_205' title='bbox 195 2186 253 2246; x_wconf 83' lang='lat'><strong>23:</strong></span> <span class='ocrx_word' id='word_1_206' title='bbox 276 2185 316 2243; x_wconf 87' lang='lat' dir='ltr'><strong>Ei</strong></span> <span class='ocrx_word' id='word_1_207' title='bbox 339 2182 429 2260; x_wconf 60' lang='grc' dir='ltr'>(εἰ)</span> <span class='ocrx_word' id='word_1_208' title='bbox 453 2186 509 2245; x_wconf 88' lang='lat' dir='ltr'><strong>hac</strong></span> <span class='ocrx_word' id='word_1_209' title='bbox 531 2200 651 2245; x_wconf 68' lang='lat' dir='ltr'><strong>mamm.</strong></span> <span class='ocrx_word' id='word_1_210' title='bbox 674 2179 758 2246; x_wconf 85' lang='lat' dir='ltr'><strong>Mon.</strong></span> <span class='ocrx_word' id='word_1_211' title='bbox 782 2180 821 2261; x_wconf 87' lang='lat' dir='ltr'><strong>V,</strong></span> <span class='ocrx_word' id='word_1_212' title='bbox 834 2187 863 2260; x_wconf 84' lang='lat'><strong>7,</strong></span> <span class='ocrx_word' id='word_1_213' title='bbox 886 2185 941 2246; x_wconf 83' lang='lat'><strong>45:</strong></span> <span class='ocrx_word' id='word_1_214' title='bbox 965 2201 1024 2243; x_wconf 90' lang='lat' dir='ltr'><strong>una</strong></span> <span class='ocrx_word' id='word_1_215' title='bbox 1044 2188 1137 2243; x_wconf 63' lang='lat' dir='ltr'><strong>acam</strong></span> <span class='ocrx_word' id='word_1_216' title='bbox 1157 2185 1207 2244; x_wconf 89' lang='lat' dir='ltr'><strong>ihc</strong></span> <span class='ocrx_word' id='word_1_217' title='bbox 1231 2182 1356 2244; x_wconf 90' lang='lat' dir='ltr'><strong>domnm.</strong></span> 
     </span>
     <span class='ocr_line' id='line_1_21' title="bbox 193 2278 1356 2358; baseline -0.003 -14"><span class='ocrx_word' id='word_1_218' title='bbox 193 2278 307 2344; x_wconf 88' lang='lat' dir='ltr'><strong>Pseud.</strong></span> <span class='ocrx_word' id='word_1_219' title='bbox 330 2298 359 2345; x_wconf 87' lang='lat' dir='ltr'><strong>v.</strong></span> <span class='ocrx_word' id='word_1_220' title='bbox 386 2285 476 2345; x_wconf 90' lang='grc'><strong>1031.</strong></span> <span class='ocrx_word' id='word_1_221' title='bbox 521 2278 634 2344; x_wconf 85' lang='lat' dir='ltr'><strong>Bacch.</strong></span> <span class='ocrx_word' id='word_1_222' title='bbox 658 2279 713 2358; x_wconf 88' lang='lat' dir='ltr'><strong>IV,</strong></span> <span class='ocrx_word' id='word_1_223' title='bbox 737 2284 771 2357; x_wconf 90' lang='grc'><strong>8,</strong></span> <span class='ocrx_word' id='word_1_224' title='bbox 804 2285 856 2345; x_wconf 88' lang='lat'><strong>19:</strong></span> <span class='ocrx_word' id='word_1_225' title='bbox 888 2283 1045 2342; x_wconf 79' lang='lat' dir='ltr'><strong>cubantem</strong></span> <span class='ocrx_word' id='word_1_226' title='bbox 1075 2299 1141 2341; x_wconf 85' lang='lat' dir='ltr'><strong>cum</strong></span> <span class='ocrx_word' id='word_1_227' title='bbox 1166 2282 1228 2342; x_wconf 79' lang='lat' dir='ltr'><strong>toa.</strong></span> <span class='ocrx_word' id='word_1_228' title='bbox 1253 2298 1280 2343; x_wconf 87' lang='lat' dir='ltr'><strong>v.</strong></span> <span class='ocrx_word' id='word_1_229' title='bbox 1307 2284 1356 2344; x_wconf 84' lang='lat'><strong>55.</strong></span> 
     </span>
     <span class='ocr_line' id='line_1_22' title="bbox 193 2375 1355 2458; baseline -0.003 -16"><span class='ocrx_word' id='word_1_230' title='bbox 193 2377 308 2443; x_wconf 87' lang='lat' dir='ltr'><strong>Bacch.</strong></span> <span class='ocrx_word' id='word_1_231' title='bbox 324 2377 381 2458; x_wconf 88' lang='lat' dir='ltr'><strong>lv,</strong></span> <span class='ocrx_word' id='word_1_232' title='bbox 404 2384 432 2458; x_wconf 88' lang='grc'><strong>9,</strong></span> <span class='ocrx_word' id='word_1_233' title='bbox 456 2383 510 2444; x_wconf 84' lang='lat'><strong>86:</strong></span> <span class='ocrx_word' id='word_1_234' title='bbox 535 2380 621 2454; x_wconf 79' lang='lat' dir='ltr'><strong>Quod</strong></span> <span class='ocrx_word' id='word_1_235' title='bbox 643 2397 709 2440; x_wconf 83' lang='lat' dir='ltr'><strong>cum</strong></span> <span class='ocrx_word' id='word_1_236' title='bbox 731 2379 885 2454; x_wconf 76' lang='lat' dir='ltr'><strong>peregrini</strong></span> <span class='ocrx_word' id='word_1_237' title='bbox 906 2381 994 2440; x_wconf 87' lang='lat' dir='ltr'><strong>cubui</strong></span> <span class='ocrx_word' id='word_1_238' title='bbox 1016 2397 1108 2440; x_wconf 79' lang='lat' dir='ltr'><strong>acore</strong></span> <span class='ocrx_word' id='word_1_239' title='bbox 1123 2381 1234 2440; x_wconf 91' lang='lat' dir='ltr'><strong>militis.</strong></span> <span class='ocrx_word' id='word_1_240' title='bbox 1258 2375 1355 2442; x_wconf 82' lang='lat' dir='ltr'><strong>Stich.</strong></span> 
     </span>
     <span class='ocr_line' id='line_1_23' title="bbox 195 2474 1355 2554; baseline -0.003 -11"><span class='ocrx_word' id='word_1_241' title='bbox 195 2475 249 2554; x_wconf 87' lang='lat' dir='ltr'><strong>IV,</strong></span> <span class='ocrx_word' id='word_1_242' title='bbox 275 2480 301 2554; x_wconf 95' lang='grc'><strong>1,</strong></span> <span class='ocrx_word' id='word_1_243' title='bbox 324 2481 380 2542; x_wconf 86' lang='grc'><strong>41;</strong></span> <span class='ocrx_word' id='word_1_244' title='bbox 404 2480 479 2539; x_wconf 90' lang='lat' dir='ltr'><strong>bena</strong></span> <span class='ocrx_word' id='word_1_245' title='bbox 502 2478 620 2551; x_wconf 66' lang='lat' dir='ltr'><strong>aciemn</strong></span> <span class='ocrx_word' id='word_1_246' title='bbox 642 2477 801 2538; x_wconf 87' lang='lat' dir='ltr'><strong>cubitares.</strong></span> <span class='ocrx_word' id='word_1_247' title='bbox 826 2493 855 2538; x_wconf 86' lang='lat' dir='ltr'><strong>v.</strong></span> <span class='ocrx_word' id='word_1_248' title='bbox 875 2479 933 2538; x_wconf 82' lang='lat'><strong>42:</strong></span> <span class='ocrx_word' id='word_1_249' title='bbox 957 2477 1074 2551; x_wconf 78' lang='lat' dir='ltr'><strong>quicum</strong></span> <span class='ocrx_word' id='word_1_250' title='bbox 1096 2477 1233 2538; x_wconf 88' lang='lat' dir='ltr'><strong>cubitem.</strong></span> <span class='ocrx_word' id='word_1_251' title='bbox 1256 2474 1355 2540; x_wconf 84' lang='lat' dir='ltr'><strong>Mero.</strong></span> 
     </span>
     <span class='ocr_line' id='line_1_24' title="bbox 194 2572 1353 2651; baseline -0.003 -15"><span class='ocrx_word' id='word_1_252' title='bbox 194 2593 222 2636; x_wconf 88' lang='lat' dir='ltr'><strong>v.</strong></span> <span class='ocrx_word' id='word_1_253' title='bbox 248 2576 325 2638; x_wconf 81' lang='lat'><strong>538:</strong></span> <span class='ocrx_word' id='word_1_254' title='bbox 347 2577 448 2638; x_wconf 84' lang='lat' dir='ltr'><strong>Etiam</strong></span> <span class='ocrx_word' id='word_1_255' title='bbox 470 2593 536 2636; x_wconf 80' lang='lat' dir='ltr'><strong>cum</strong></span> <span class='ocrx_word' id='word_1_256' title='bbox 556 2591 649 2635; x_wconf 80' lang='lat' dir='ltr'><strong>acore</strong></span> <span class='ocrx_word' id='word_1_257' title='bbox 671 2593 729 2634; x_wconf 91' lang='lat' dir='ltr'><strong>non</strong></span> <span class='ocrx_word' id='word_1_258' title='bbox 753 2573 863 2635; x_wconf 77' lang='lat' dir='ltr'><strong>cubat?</strong></span> <span class='ocrx_word' id='word_1_259' title='bbox 889 2573 1003 2638; x_wconf 89' lang='lat' dir='ltr'><strong>Bacch.</strong></span> <span class='ocrx_word' id='word_1_260' title='bbox 1027 2572 1081 2650; x_wconf 84' lang='lat' dir='ltr'><strong>IV,</strong></span> <span class='ocrx_word' id='word_1_261' title='bbox 1104 2576 1135 2651; x_wconf 88' lang='grc'><strong>8,</strong></span> <span class='ocrx_word' id='word_1_262' title='bbox 1157 2577 1214 2640; x_wconf 82' lang='grc'><strong>24;</strong></span> <span class='ocrx_word' id='word_1_263' title='bbox 1236 2577 1353 2634; x_wconf 86' lang='lat' dir='ltr'><strong>Pacisci</strong></span> 
     </span>
     <span class='ocr_line' id='line_1_25' title="bbox 194 2669 1355 2750; baseline -0.003 -16"><span class='ocrx_word' id='word_1_264' title='bbox 194 2690 260 2734; x_wconf 80' lang='lat' dir='ltr'><strong>cum</strong></span> <span class='ocrx_word' id='word_1_265' title='bbox 280 2673 332 2734; x_wconf 80' lang='lat' dir='ltr'><strong>tou</strong></span> <span class='ocrx_word' id='word_1_266' title='bbox 354 2676 475 2748; x_wconf 89' lang='lat' dir='ltr'><strong>paulula</strong></span> <span class='ocrx_word' id='word_1_267' title='bbox 496 2675 625 2749; x_wconf 89' lang='lat' dir='ltr'><strong>pecunia</strong></span> <span class='ocrx_word' id='word_1_268' title='bbox 646 2674 738 2734; x_wconf 84' lang='lat' dir='ltr'><strong>Petis.</strong></span> <span class='ocrx_word' id='word_1_269' title='bbox 777 2672 815 2735; x_wconf 82' lang='lat' dir='ltr'><strong>cf.</strong></span> <span class='ocrx_word' id='word_1_270' title='bbox 840 2691 864 2734; x_wconf 90' lang='lat' dir='ltr'><strong>v.</strong></span> <span class='ocrx_word' id='word_1_271' title='bbox 890 2677 939 2734; x_wconf 87' lang='lat'><strong>29.</strong></span> <span class='ocrx_word' id='word_1_272' title='bbox 974 2670 1070 2735; x_wconf 88' lang='lat' dir='ltr'><strong>Stich.</strong></span> <span class='ocrx_word' id='word_1_273' title='bbox 1094 2669 1150 2749; x_wconf 84' lang='lat' dir='ltr'><strong>IV,</strong></span> <span class='ocrx_word' id='word_1_274' title='bbox 1176 2675 1203 2750; x_wconf 91' lang='grc'><strong>1,</strong></span> <span class='ocrx_word' id='word_1_275' title='bbox 1230 2676 1284 2735; x_wconf 89' lang='lat'><strong>13:</strong></span> <span class='ocrx_word' id='word_1_276' title='bbox 1307 2681 1355 2732; x_wconf 91' lang='lat' dir='ltr'><strong>set</strong></span> 
     </span>
     <span class='ocr_line' id='line_1_26' title="bbox 148 2770 1353 2854; baseline -0.003 -22"><span class='ocrx_word' id='word_1_277' title='bbox 148 2831 155 2854; x_wconf 64' lang='grc'><strong>,</strong></span> <span class='ocrx_word' id='word_1_278' title='bbox 197 2773 294 2832; x_wconf 89' lang='lat' dir='ltr'><strong>satine</strong></span> <span class='ocrx_word' id='word_1_279' title='bbox 325 2776 418 2832; x_wconf 66' lang='lat' dir='ltr'><strong>acum</strong></span> <span class='ocrx_word' id='word_1_280' title='bbox 446 2772 620 2846; x_wconf 88' lang='lat' dir='ltr'><strong>pacificatus</strong></span> <span class='ocrx_word' id='word_1_281' title='bbox 651 2791 731 2848; x_wconf 89' lang='lat' dir='ltr'><strong>sum,</strong></span> <span class='ocrx_word' id='word_1_282' title='bbox 764 2770 917 2846; x_wconf 81' lang='lat' dir='ltr'><strong>Antipho?</strong></span> <span class='ocrx_word' id='word_1_283' title='bbox 959 2789 987 2832; x_wconf 88' lang='lat' dir='ltr'><strong>v.</strong></span> <span class='ocrx_word' id='word_1_284' title='bbox 1015 2775 1090 2835; x_wconf 83' lang='lat'><strong>519:</strong></span> <span class='ocrx_word' id='word_1_285' title='bbox 1127 2773 1189 2830; x_wconf 87' lang='lat' dir='ltr'><strong>Pax</strong></span> <span class='ocrx_word' id='word_1_286' title='bbox 1211 2789 1353 2830; x_wconf 85' lang='lat' dir='ltr'><strong>cummar-</strong></span> 
     </span>
     <span class='ocr_line' id='line_1_27' title="bbox 195 2865 1355 2945; baseline -0.002 -17"><span class='ocrx_word' id='word_1_287' title='bbox 195 2870 360 2944; x_wconf 88' lang='lat' dir='ltr'><strong>ciumqucst</strong></span> <span class='ocrx_word' id='word_1_288' title='bbox 381 2871 465 2930; x_wconf 83' lang='lat' dir='ltr'><strong>vohis</strong></span> <span class='ocrx_word' id='word_1_289' title='bbox 487 2886 607 2930; x_wconf 72' lang='lat' dir='ltr'><strong>meacm.</strong></span> <span class='ocrx_word' id='word_1_290' title='bbox 659 2867 754 2932; x_wconf 83' lang='lat' dir='ltr'><strong>Most.</strong></span> <span class='ocrx_word' id='word_1_291' title='bbox 777 2865 819 2942; x_wconf 92' lang='grc' dir='ltr'><strong>ΙΙ,</strong></span> <span class='ocrx_word' id='word_1_292' title='bbox 843 2871 873 2945; x_wconf 94' lang='grc'><strong>2,</strong></span> <span class='ocrx_word' id='word_1_293' title='bbox 896 2870 954 2932; x_wconf 85' lang='grc'><strong>82;</strong></span> <span class='ocrx_word' id='word_1_294' title='bbox 984 2888 1044 2945; x_wconf 87' lang='lat' dir='ltr'><strong>pax</strong></span> <span class='ocrx_word' id='word_1_295' title='bbox 1069 2871 1169 2928; x_wconf 90' lang='lat' dir='ltr'><strong>mihist</strong></span> <span class='ocrx_word' id='word_1_296' title='bbox 1194 2885 1259 2927; x_wconf 83' lang='lat' dir='ltr'><strong>cum</strong></span> <span class='ocrx_word' id='word_1_297' title='bbox 1277 2885 1355 2926; x_wconf 82' lang='lat' dir='ltr'><strong>mor·</strong></span> 
     </span>
     <span class='ocr_line' id='line_1_28' title="bbox 195 2963 1351 3043; baseline 0.003 -19"><span class='ocrx_word' id='word_1_298' title='bbox 195 2967 263 3028; x_wconf 72' lang='lat' dir='ltr'><strong>tuta</strong></span> <span class='ocrx_word' id='word_1_299' title='bbox 307 2963 405 3030; x_wconf 80' lang='lat' dir='ltr'><strong>Marc.</strong></span> <span class='ocrx_word' id='word_1_300' title='bbox 428 2984 457 3029; x_wconf 90' lang='lat' dir='ltr'><strong>v.</strong></span> <span class='ocrx_word' id='word_1_301' title='bbox 481 2969 556 3030; x_wconf 82' lang='lat'>954:</span> <span class='ocrx_word' id='word_1_302' title='bbox 592 2969 698 3028; x_wconf 89' lang='lat' dir='ltr'><strong>Pacem</strong></span> <span class='ocrx_word' id='word_1_303' title='bbox 722 2967 859 3040; x_wconf 89' lang='lat' dir='ltr'><strong>componi</strong></span> <span class='ocrx_word' id='word_1_304' title='bbox 880 2968 947 3027; x_wconf 90' lang='lat' dir='ltr'><strong>volo</strong></span> <span class='ocrx_word' id='word_1_305' title='bbox 969 2970 1038 3028; x_wconf 91' lang='lat' dir='ltr'><strong>Meo</strong></span> <span class='ocrx_word' id='word_1_306' title='bbox 1059 2968 1139 3043; x_wconf 88' lang='lat' dir='ltr'><strong>patri</strong></span> <span class='ocrx_word' id='word_1_307' title='bbox 1161 2982 1227 3026; x_wconf 82' lang='lat' dir='ltr'><strong>cum</strong></span> <span class='ocrx_word' id='word_1_308' title='bbox 1248 2970 1351 3028; x_wconf 82' lang='lat' dir='ltr'><strong>matre.</strong></span> 
     </span>
     <span class='ocr_line' id='line_1_29' title="bbox 196 3059 514 3142; baseline 0 -16"><span class='ocrx_word' id='word_1_309' title='bbox 196 3059 344 3128; x_wconf 83' lang='lat' dir='ltr'><strong>Mercu.</strong></span> <span class='ocrx_word' id='word_1_310' title='bbox 370 3065 430 3126; x_wconf 83' lang='lat'><strong>536</strong></span> <span class='ocrx_word' id='word_1_311' title='bbox 453 3079 514 3142; x_wconf 87' lang='lat' dir='ltr'><strong>sq.:</strong></span> 
     </span>
     <span class='ocr_line' id='line_1_30' title="bbox 322 3162 1308 3240; baseline 0 -18"><span class='ocrx_word' id='word_1_312' title='bbox 322 3164 406 3222; x_wconf 86' lang='lat' dir='ltr'><strong>Inter</strong></span> <span class='ocrx_word' id='word_1_313' title='bbox 429 3180 482 3222; x_wconf 88' lang='lat' dir='ltr'><strong>nos</strong></span> <span class='ocrx_word' id='word_1_314' title='bbox 498 3164 724 3235; x_wconf 84' lang='lat' dir='ltr'><strong>coniuravimus,</strong></span> <span class='ocrx_word' id='word_1_315' title='bbox 747 3163 804 3222; x_wconf 88' lang='lat' dir='ltr'><strong>nisi</strong></span> <span class='ocrx_word' id='word_1_316' title='bbox 827 3162 964 3221; x_wconf 77' lang='lat' dir='ltr'><strong>camillo</strong></span> <span class='ocrx_word' id='word_1_317' title='bbox 987 3179 1041 3237; x_wconf 84' lang='lat' dir='ltr'><strong>ego</strong></span> <span class='ocrx_word' id='word_1_318' title='bbox 1063 3170 1094 3220; x_wconf 91' lang='lat' dir='ltr'><strong>et</strong></span> <span class='ocrx_word' id='word_1_319' title='bbox 1116 3164 1168 3224; x_wconf 89' lang='lat' dir='ltr'><strong>ille</strong></span> <span class='ocrx_word' id='word_1_320' title='bbox 1189 3181 1308 3240; x_wconf 77' lang='lat' dir='ltr'><strong>maceca,</strong></span> 
     </span>
     <span class='ocr_line' id='line_1_31' title="bbox 321 3261 928 3335; baseline 0.007 -17"><span class='ocrx_word' id='word_1_321' title='bbox 321 3261 435 3320; x_wconf 88' lang='lat' dir='ltr'><strong>Neuter</strong></span> <span class='ocrx_word' id='word_1_322' title='bbox 458 3261 553 3335; x_wconf 86' lang='lat' dir='ltr'><strong>stupri</strong></span> <span class='ocrx_word' id='word_1_323' title='bbox 577 3278 666 3320; x_wconf 87' lang='lat' dir='ltr'><strong>causa</strong></span> <span class='ocrx_word' id='word_1_324' title='bbox 689 3269 778 3335; x_wconf 92' lang='lat' dir='ltr'><strong>caput</strong></span> <span class='ocrx_word' id='word_1_325' title='bbox 801 3261 928 3322; x_wconf 87' lang='lat' dir='ltr'><strong>limaret.</strong></span> 
     </span>
     <span class='ocr_line' id='line_1_32' title="bbox 194 3351 1351 3433; baseline 0.002 -17"><span class='ocrx_word' id='word_1_326' title='bbox 194 3351 288 3416; x_wconf 90' lang='lat' dir='ltr'><strong>Poen.</strong></span> <span class='ocrx_word' id='word_1_327' title='bbox 311 3352 337 3432; x_wconf 94' lang='grc' dir='ltr'><strong>Ι,</strong></span> <span class='ocrx_word' id='word_1_328' title='bbox 361 3358 390 3432; x_wconf 91' lang='grc'><strong>2,</strong></span> <span class='ocrx_word' id='word_1_329' title='bbox 415 3360 468 3420; x_wconf 87' lang='grc'><strong>79;</strong></span> <span class='ocrx_word' id='word_1_330' title='bbox 491 3374 557 3416; x_wconf 83' lang='lat' dir='ltr'><strong>cam</strong></span> <span class='ocrx_word' id='word_1_331' title='bbox 577 3355 695 3433; x_wconf 76' lang='lat' dir='ltr'><strong>illcc²⁰l</strong></span> <span class='ocrx_word' id='word_1_332' title='bbox 720 3375 868 3433; x_wconf 88' lang='lat' dir='ltr'><strong>uunquam</strong></span> <span class='ocrx_word' id='word_1_333' title='bbox 884 3359 984 3418; x_wconf 87' lang='lat' dir='ltr'><strong>limari</strong></span> <span class='ocrx_word' id='word_1_334' title='bbox 1000 3365 1097 3433; x_wconf 87' lang='lat' dir='ltr'><strong>caput.</strong></span> <span class='ocrx_word' id='word_1_335' title='bbox 1121 3356 1233 3422; x_wconf 87' lang='lat' dir='ltr'><strong>Bacch.</strong></span> <span class='ocrx_word' id='word_1_336' title='bbox 1251 3375 1278 3421; x_wconf 78' lang='lat' dir='ltr'><strong>u.</strong></span> <span class='ocrx_word' id='word_1_337' title='bbox 1298 3361 1351 3419; x_wconf 83' lang='lat' dir='ltr'><strong>ll:</strong></span> 
     </span>
     <span class='ocr_line' id='line_1_33' title="bbox 200 3451 1082 3532; baseline 0.003 -20"><span class='ocrx_word' id='word_1_338' title='bbox 200 3469 255 3512; x_wconf 86' lang='lat' dir='ltr'><strong>nec</strong></span> <span class='ocrx_word' id='word_1_339' title='bbox 277 3469 343 3512; x_wconf 82' lang='lat' dir='ltr'><strong>cum</strong></span> <span class='ocrx_word' id='word_1_340' title='bbox 364 3455 505 3526; x_wconf 75' lang='lat' dir='ltr'><strong>quoquam</strong></span> <span class='ocrx_word' id='word_1_341' title='bbox 526 3457 647 3516; x_wconf 86' lang='lat' dir='ltr'><strong>limares</strong></span> <span class='ocrx_word' id='word_1_342' title='bbox 672 3464 770 3530; x_wconf 88' lang='lat' dir='ltr'><strong>caput.</strong></span> <span class='ocrx_word' id='word_1_343' title='bbox 816 3451 887 3518; x_wconf 86' lang='lat' dir='ltr'><strong>Cas.</strong></span> <span class='ocrx_word' id='word_1_344' title='bbox 909 3453 951 3532; x_wconf 90' lang='grc' dir='ltr'><strong>ΙΙ,</strong></span> <span class='ocrx_word' id='word_1_345' title='bbox 976 3459 1003 3530; x_wconf 89' lang='grc'><strong>2,</strong></span> <span class='ocrx_word' id='word_1_346' title='bbox 1030 3459 1082 3518; x_wconf 83' lang='lat'><strong>13:</strong></span> 
     </span>
     <span class='ocr_line' id='line_1_34' title="bbox 926 3555 1140 3614; baseline 0 0"><span class='ocrx_word' id='word_1_347' title='bbox 926 3572 993 3614; x_wconf 88' lang='lat' dir='ltr'><strong>nam</strong></span> <span class='ocrx_word' id='word_1_348' title='bbox 1016 3555 1140 3614; x_wconf 87' lang='lat' dir='ltr'><strong>vicinam</strong></span> 
     </span>
     <span class='ocr_line' id='line_1_35' title="bbox 359 3649 1013 3729; baseline 0.003 -21"><span class='ocrx_word' id='word_1_349' title='bbox 359 3649 514 3708; x_wconf 83' lang='lat' dir='ltr'><strong>Neminem</strong></span> <span class='ocrx_word' id='word_1_350' title='bbox 537 3669 603 3713; x_wconf 89' lang='lat' dir='ltr'><strong>amo</strong></span> <span class='ocrx_word' id='word_1_351' title='bbox 625 3655 732 3714; x_wconf 90' lang='lat' dir='ltr'><strong>merito</strong></span> <span class='ocrx_word' id='word_1_352' title='bbox 754 3669 838 3726; x_wconf 78' lang='lat' dir='ltr'><strong>mage</strong></span> <span class='ocrx_word' id='word_1_353' title='bbox 863 3669 949 3727; x_wconf 88' lang='lat' dir='ltr'><strong>quarn</strong></span> <span class='ocrx_word' id='word_1_354' title='bbox 973 3658 1013 3729; x_wconf 87' lang='lat' dir='ltr'><strong>te,</strong></span> 
     </span>
     <span class='ocr_line' id='line_1_36' title="bbox 361 3747 1180 3826; baseline 0.005 -20"><span class='ocrx_word' id='word_1_355' title='bbox 361 3747 425 3806; x_wconf 88' lang='lat' dir='ltr'><strong>Nec</strong></span> <span class='ocrx_word' id='word_1_356' title='bbox 447 3763 575 3820; x_wconf 69' lang='lat' dir='ltr'><strong>ccccm</strong></span> <span class='ocrx_word' id='word_1_357' title='bbox 595 3754 683 3824; x_wconf 84' lang='lat' dir='ltr'><strong>plura</strong></span> <span class='ocrx_word' id='word_1_358' title='bbox 704 3756 774 3810; x_wconf 91' lang='lat' dir='ltr'><strong>sunt</strong></span> <span class='ocrx_word' id='word_1_359' title='bbox 794 3750 879 3826; x_wconf 90' lang='lat' dir='ltr'><strong>mihi,</strong></span> <span class='ocrx_word' id='word_1_360' title='bbox 908 3768 982 3825; x_wconf 89' lang='lat' dir='ltr'><strong>quae</strong></span> <span class='ocrx_word' id='word_1_361' title='bbox 1006 3767 1060 3824; x_wconf 79' lang='lat' dir='ltr'><strong>ego</strong></span> <span class='ocrx_word' id='word_1_362' title='bbox 1083 3751 1180 3822; x_wconf 87' lang='lat' dir='ltr'><strong>velim,</strong></span> 
     </span>
    </p>

    <p class='ocr_par' dir='ltr' id='par_1_5' title="bbox 194 3838 1351 4120">
     <span class='ocr_line' id='line_1_37' title="bbox 195 3838 1351 3924; baseline 0.005 -20"><span class='ocrx_word' id='word_1_363' title='bbox 195 3840 234 3906; x_wconf 90' lang='lat' dir='ltr'><strong>de</strong></span> <span class='ocrx_word' id='word_1_364' title='bbox 256 3858 319 3921; x_wconf 89' lang='lat' dir='ltr'><strong>qua</strong></span> <span class='ocrx_word' id='word_1_365' title='bbox 339 3838 477 3908; x_wconf 85' lang='lat' dir='ltr'><strong>formula</strong></span> <span class='ocrx_word' id='word_1_366' title='bbox 497 3842 645 3923; x_wconf 91' lang='lat' dir='ltr'><strong>loquendi</strong></span> <span class='ocrx_word' id='word_1_367' title='bbox 673 3844 745 3910; x_wconf 88' lang='lat' dir='ltr'><strong>vide</strong></span> <span class='ocrx_word' id='word_1_368' title='bbox 773 3843 976 3910; x_wconf 87' lang='lat' dir='ltr'><strong>Gronovium.</strong></span> <span class='ocrx_word' id='word_1_369' title='bbox 1021 3843 1135 3910; x_wconf 90' lang='lat' dir='ltr'><strong>Bacch.</strong></span> <span class='ocrx_word' id='word_1_370' title='bbox 1164 3843 1273 3924; x_wconf 83' lang='lat' dir='ltr'><strong>1v‚e‚</strong></span> <span class='ocrx_word' id='word_1_371' title='bbox 1299 3849 1351 3910; x_wconf 78' lang='lat' dir='ltr'><strong>lt:</strong></span> 
     </span>
     <span class='ocr_line' id='line_1_38' title="bbox 194 3941 1351 4023; baseline 0.003 -23"><span class='ocrx_word' id='word_1_372' title='bbox 194 3941 374 4002; x_wconf 86' lang='lat' dir='ltr'><strong>Bacchidem</strong></span> <span class='ocrx_word' id='word_1_373' title='bbox 395 3942 484 4004; x_wconf 86' lang='lat' dir='ltr'><strong>habat</strong></span> <span class='ocrx_word' id='word_1_374' title='bbox 505 3960 609 4006; x_wconf 81' lang='lat' dir='ltr'><strong>eccum.</strong></span> <span class='ocrx_word' id='word_1_375' title='bbox 653 3942 697 4023; x_wconf 86' lang='lat' dir='ltr'><strong>V,</strong></span> <span class='ocrx_word' id='word_1_376' title='bbox 721 3948 756 4022; x_wconf 93' lang='grc'><strong>2,</strong></span> <span class='ocrx_word' id='word_1_377' title='bbox 783 3947 841 4008; x_wconf 85' lang='lat'><strong>48:</strong></span> <span class='ocrx_word' id='word_1_378' title='bbox 871 3963 908 4005; x_wconf 93' lang='lat' dir='ltr'><strong>an</strong></span> <span class='ocrx_word' id='word_1_379' title='bbox 936 3962 991 4020; x_wconf 79' lang='lat' dir='ltr'><strong>ego</strong></span> <span class='ocrx_word' id='word_1_380' title='bbox 1020 3947 1157 4020; x_wconf 83' lang='lat' dir='ltr'><strong>experior</strong></span> <span class='ocrx_word' id='word_1_381' title='bbox 1179 3949 1272 4006; x_wconf 64' lang='lat' dir='ltr'><strong>amm</strong></span> <span class='ocrx_word' id='word_1_382' title='bbox 1293 3948 1351 4004; x_wconf 85' lang='lat' dir='ltr'><strong>rim</strong></span> 
     </span>
     <span class='ocr_line' id='line_1_39' title="bbox 194 4035 1351 4120; baseline 0.003 -23"><span class='ocrx_word' id='word_1_383' title='bbox 194 4038 355 4100; x_wconf 81' lang='lat' dir='ltr'><strong>maiorem?</strong></span> <span class='ocrx_word' id='word_1_384' title='bbox 378 4035 473 4104; x_wconf 83' lang='lat' dir='ltr'><strong>Stich.</strong></span> <span class='ocrx_word' id='word_1_385' title='bbox 497 4058 525 4103; x_wconf 90' lang='lat' dir='ltr'><strong>v.</strong></span> <span class='ocrx_word' id='word_1_386' title='bbox 549 4042 599 4104; x_wconf 83' lang='lat'><strong>64.</strong></span> <span class='ocrx_word' id='word_1_387' title='bbox 628 4039 743 4106; x_wconf 84' lang='lat' dir='ltr'><strong>Pseud.</strong></span> <span class='ocrx_word' id='word_1_388' title='bbox 766 4039 791 4120; x_wconf 94' lang='grc' dir='ltr'><strong>Ι,</strong></span> <span class='ocrx_word' id='word_1_389' title='bbox 815 4047 844 4119; x_wconf 88' lang='grc'><strong>3,</strong></span> <span class='ocrx_word' id='word_1_390' title='bbox 869 4046 926 4106; x_wconf 83' lang='grc'><strong>73;</strong></span> <span class='ocrx_word' id='word_1_391' title='bbox 954 4043 1077 4117; x_wconf 85' lang='lat' dir='ltr'><strong>Semper</strong></span> <span class='ocrx_word' id='word_1_392' title='bbox 1099 4049 1132 4102; x_wconf 92' lang='lat' dir='ltr'><strong>tu</strong></span> <span class='ocrx_word' id='word_1_393' title='bbox 1155 4043 1193 4104; x_wconf 87' lang='lat' dir='ltr'><strong>ad</strong></span> <span class='ocrx_word' id='word_1_394' title='bbox 1215 4060 1260 4102; x_wconf 90' lang='lat' dir='ltr'><strong>me</strong></span> <span class='ocrx_word' id='word_1_395' title='bbox 1284 4059 1351 4102; x_wconf 84' lang='lat' dir='ltr'><strong>cum</strong></span> 
     </span>
    </p>
   </div>
   <div class='ocr_carea' id='block_1_5' title="bbox 264 4256 707 4326">
    <p class='ocr_par' dir='ltr' id='par_1_6' title="bbox 264 4256 707 4326">
     <span class='ocr_line' id='line_1_40' title="bbox 264 4256 707 4326; baseline -0.002 -15"><span class='ocrx_word' id='word_1_396' title='bbox 264 4256 303 4325; x_wconf 84' lang='lat'><strong>²⁰)</strong></span> <span class='ocrx_word' id='word_1_397' title='bbox 323 4257 367 4311; x_wconf 78' lang='lat' dir='ltr'><strong>Sic</strong></span> <span class='ocrx_word' id='word_1_398' title='bbox 385 4259 475 4326; x_wconf 67' lang='lat' dir='ltr'><strong>Afipg</strong></span> <span class='ocrx_word' id='word_1_399' title='bbox 492 4273 542 4325; x_wconf 89' lang='lat' dir='ltr'><strong>pro</strong></span> <span class='ocrx_word' id='word_1_400' title='bbox 561 4256 631 4326; x_wconf 79' lang='lat' dir='ltr'><strong>vulg.</strong></span> <span class='ocrx_word' id='word_1_401' title='bbox 651 4257 707 4312; x_wconf 79' lang='lat' dir='ltr'><strong>ota.</strong></span> 
     </span>
    </p>
   </div>
   <div class='ocr_carea' id='block_1_6' title="bbox 0 0 1535 4766">
    <p class='ocr_par' dir='ltr' id='par_1_7' title="bbox 0 0 1535 4766">
     <span class='ocr_line' id='line_1_41' title="bbox 0 0 1535 4766; baseline 0 0"><span class='ocrx_word' id='word_1_402' title='bbox 0 0 1535 4766; x_wconf 95' lang='lat' dir='ltr'><strong> </strong></span> 
     </span>
    </p>
   </div>
  </div>
 </body>
</html>
