3058 4766
468 277 556 319 OASUS
571 277 840 320 soasraurlvoaolt.
854 298 879 308 ·-
893 277 998 318 ABLAT.
1273 283 1313 341 73

155 445 251 511 Most.
266 445 301 526 J,
325 453 355 528 4,
380 455 413 516 3:
435 453 511 514 Nam
533 453 581 513 illi
602 455 654 515 adt
675 453 728 527 ini,
752 453 821 514 inde
845 454 934 530 effugi
955 449 1046 513 foras.
1092 465 1120 510 v.
1140 451 1194 510 14:
1220 449 1314 522 Quam

153 547 213 613 illi,
247 549 417 611 atticotos
441 559 488 612 est
510 557 635 632 stratuS,
659 550 740 628 [nos]
766 554 888 612 coimus.
932 547 1030 612 Marc.
1054 546 1096 626 ΙΙ,
1122 549 1149 623 1,
1174 547 1231 609 36:
1254 545 1310 618 illl,

152 641 232 707 item
253 641 354 710 Mero.
377 663 406 710 v.
431 651 491 711 511
517 652 550 712 et
572 647 687 712 Pseud.
711 647 749 728 V,
776 653 802 727 1,
828 649 878 711 28.
924 645 1053 710 Terent.
1078 643 1176 707 Andr.
1200 639 1254 718 IV,
1282 646 1315 720 4,

154 744 188 804 3:
212 743 284 818 quid
306 743 354 804 tto
375 745 524 806 hominum
547 746 690 822 litigant?

240 838 270 903 d.
303 837 367 905 Sed
389 841 484 906 etiam
506 841 576 922 ipsa
597 861 650 908 res
673 846 781 926 potest
803 841 849 906 itu
871 837 1050 921 designari,
1073 842 1111 901 ut
1130 837 1195 898 illic
1216 833 1258 898 sit
1279 838 1315 896 tn

153 953 189 997 ca
219 954 260 996 re.
307 934 359 1003 Sic
385 935 489 1004 Plaut.
519 937 635 1004 Bacch.
659 937 714 1019 IV,
738 943 768 1018 9,
792 943 847 1004 25:
881 941 957 1000 Nam
984 937 1032 998 tta·
1061 937 1164 997 itidem
1194 937 1313 998 Ulixem

153 1034 261 1094 andivi.
504 1031 509 1046 '

238 1131 314 1192 Istic
336 1130 403 1196 sivo
424 1135 486 1195 isti.
518 1150 546 1198 a.
575 1134 636 1199 ost
657 1138 687 1196 in
710 1137 768 1196 isto
791 1140 867 1211 loco,
891 1138 921 1196 in
945 1152 1002 1211 qno
1025 1141 1057 1194 tn
1080 1151 1120 1194 es.
1166 1127 1228 1194 Sed
1252 1146 1313 1193 usu

153 1223 282 1308 uulgari
303 1229 371 1290 istic
397 1246 460 1295 non
483 1227 591 1296 differt
612 1231 652 1298 ab
674 1235 744 1294 illic.
789 1230 893 1314 Saepe
914 1230 1096 1312 propiorem
1124 1226 1176 1292 vel
1205 1224 1312 1306 proxi·

153 1340 241 1388 mum
265 1324 370 1390 locum
392 1325 521 1408 indicat,
544 1333 582 1393 ut
604 1328 646 1394 sit
666 1327 734 1394 lere
756 1328 789 1393 id
812 1328 897 1409 quod
920 1331 975 1390 tte.
1021 1325 1125 1390 Plaut.
1149 1322 1263 1389 Bacch.
1285 1322 1311 1403 I,

153 1425 182 1502 2,
207 1425 242 1486 6:
279 1427 344 1500 qnia
366 1426 434 1488 octe
455 1427 568 1488 habet?
611 1424 666 1516 lv,
689 1431 719 1506 4,
743 1429 801 1490 lo:
837 1429 921 1502 Quod
950 1428 1057 1488 iubebo
1085 1425 1208 1487 scribito
1235 1425 1309 1484 istic

151 1521 179 1598 6,
208 1522 263 1584 18:
293 1523 408 1584 Orabat
429 1525 506 1599 quod
528 1525 596 1584 istic
618 1533 699 1587 esset
722 1527 864 1602 scriptum
888 1533 920 1586 ut
942 1525 1038 1586 fieret.
1083 1527 1113 1599 9,
1138 1525 1191 1585 99:
1214 1521 1310 1580 Estne

150 1619 229 1679 istoc
251 1620 320 1680 istic
341 1621 505 1696 seriptum?
548 1639 576 1683 v.
603 1626 680 1686 129:
715 1641 801 1684 mane
823 1625 896 1685 otte.
940 1621 980 1701 V,
1003 1625 1034 1700 2,
1058 1624 1112 1683 26:
1152 1621 1229 1693 Quia
1257 1636 1309 1679 no·

150 1725 230 1777 stros
254 1735 347 1794 agnos
370 1722 543 1781 conclussos
565 1721 631 1781 istic
653 1738 718 1782 esse
741 1724 825 1782 aiunt
847 1723 930 1783 dnos.
975 1736 1004 1782 u.
1028 1721 1079 1782 27.
1111 1713 1207 1781 Stich.
1231 1713 1256 1792 Ι,
1280 1718 1311 1794 2,

150 1815 199 1876 36.
227 1811 326 1878 Stich.
347 1833 375 1878 v,
400 1819 476 1880 321:
501 1819 578 1892 Quid
600 1819 668 1879 istic
689 1818 788 1879 inest?
831 1815 929 1882 Marc.
945 1813 984 1894 V,
1008 1819 1037 1894 2,
1062 1820 1111 1880 71.
1135 1811 1206 1877 Aul.
1230 1811 1255 1890 I,
1282 1815 1308 1890 l,

24 1995 26 2000 Ι
152 1915 204 1973 17:
233 1913 302 1974 otte
324 1913 450 1975 adstato.
496 1911 562 1977 Mil.
585 1911 643 1989 III,
668 1918 697 1992 2,
722 1918 772 1979 37.
806 1912 920 1979 Pseud.
944 1914 969 1991 I,
993 1911 1023 1991 1,
1047 1915 1104 1976 32:
1137 1915 1214 1973 Nam
1243 1909 1311 1971 istic

148 2025 232 2069 mens
257 2012 372 2072 animus
395 2030 472 2071 nnnc
496 2019 555 2086 est,
584 2031 641 2073 non
665 2016 694 2072 in
717 2021 852 2088 pectore.
896 2009 936 2087 ΙΙ,
958 2015 987 2090 2,
1011 2016 1066 2076 53:
1099 2011 1166 2071 istic
1190 2009 1307 2070 sumbu-

148 2108 219 2166 lust.
266 2103 326 2184 III,
350 2109 380 2185 2,
404 2112 454 2170 75.
478 2106 593 2172 Pseud.
617 2126 646 2170 v.
672 2113 769 2174 1139:
793 2111 864 2186 quid
885 2111 952 2172 istic
972 2111 1130 2171 dehibetnr
1152 2109 1214 2166 tibi.
1251 2101 1308 2181 IV,

148 2207 177 2280 7,
202 2205 253 2265 60.
284 2200 368 2266 Men.
395 2203 435 2283 II,
459 2207 488 2283 2,
512 2208 560 2268 60.
600 2204 694 2272 Most.
723 2204 764 2282 II,
788 2210 814 2285 1,
838 2210 893 2270 25:
927 2209 1001 2281 Quis
1022 2208 1090 2267 istic
1113 2203 1241 2265 dormit?
1278 2219 1307 2263 v.

148 2304 226 2362 741:
251 2303 314 2361 lam
335 2303 388 2362 tect
409 2320 471 2364 ero.
516 2301 570 2382 IV,
594 2307 623 2382 2,
645 2307 696 2367 48.
733 2302 822 2367 Pera
846 2303 872 2382 Ι,
896 2308 924 2383 3,
949 2309 983 2366 5:
1013 2305 1123 2365 (lunate
1150 2303 1217 2362 istic
1245 2317 1307 2360 vos.

148 2393 239 2460 Pera.
264 2415 293 2461 v.
317 2402 394 2464 249:
420 2402 498 2475 onio
519 2403 587 2462 istic
609 2404 791 2476 scriptumst.
836 2399 892 2481 IV,
917 2405 946 2480 3,
971 2405 1020 2464 55.

237 2494 267 2558 b.
303 2493 511 2577 Componitur
541 2515 610 2562 curn
639 2501 698 2561 eti.
743 2497 824 2562 Tum
847 2498 931 2562 idem
954 2495 1128 2578 significat,
1151 2491 1235 2573 qood
1256 2493 1307 2554 iot.

149 2590 284 2656 Accedit
306 2597 414 2658 tamen
436 2594 532 2659 etiam
556 2593 665 2659 localis
689 2595 860 2661 distinctio.
904 2593 1008 2659 Plaut.
1031 2593 1111 2657 Rod.
1134 2591 1176 2670 11,
1200 2597 1228 2668 7,
1254 2595 1307 2652 14:

146 2688 222 2748 Istic
244 2692 296 2750 ubi
318 2695 361 2752 vis
385 2694 597 2755 condormisse.

235 2803 261 2850 c.
300 2787 405 2852 Etiam
436 2787 495 2852 hoc
522 2787 712 2854 vocabulum
739 2788 802 2853 loci
829 2788 869 2853 de
897 2789 995 2853 rebus
1018 2792 1201 2867 usurpatur.
1247 2783 1308 2848 Est

150 2879 254 2960 igitur
274 2885 307 2944 ia
329 2888 388 2947 istc
409 2904 450 2947 rc.
485 2885 589 2951 Plaut.
606 2885 722 2951 Bacch.
739 2886 794 2966 IV,
811 2892 841 2964 9,
861 2891 935 2950 1261
960 2889 1036 2961 Quin
1060 2905 1114 2962 ego
1137 2887 1206 2948 istic
1228 2885 1306 2961 quod

149 2980 368 3054 perdundumst
389 3003 549 3060 properem
573 2985 722 3061 perdere?
765 2983 860 3049 Most.
882 2981 920 3061 V,
944 2987 973 3062 2,
996 2987 1047 3047 23.

233 3077 364 3156 Peraea
408 3079 506 3146 Naev.
531 3079 707 3146 Tarentilla
728 3079 766 3146 ir.
793 3086 846 3160 12,
874 3099 902 3144 v.
924 3083 964 3144 33
997 3077 1173 3153 (Charisius
1201 3076 1245 3155 ΙΙ,
1275 3093 1305 3155 p.
1336 3073 1340 3078 '

150 3176 211 3238 189
234 3173 269 3239 Ρ.
292 3205 336 3226 =
362 3181 420 3241 126
449 3176 484 3242 L.
510 3183 644 3255 ,mereat
666 3182 789 3258 autem,
823 3196 893 3242 cum
917 3178 950 3241 in
970 3177 1039 3241 loco
1063 3175 1155 3254 est‘).
1201 3173 1305 3238 Plaut.

148 3270 264 3352 Amph.
287 3292 316 3337 v.
334 3279 412 3340 352:
435 3279 505 3352 quia
527 3295 581 3340 nos
604 3296 722 3339 eramus
738 3280 867 3351 peccori,
889 3282 1017 3336 tutatust
1040 3277 1126 3335 domi.
1170 3271 1257 3336 Pers.
1280 3269 1305 3349 I,

153 3373 181 3448 l,
207 3373 262 3434 30:
287 3369 350 3436 ΤΟ.
376 3376 452 3448 Quia
474 3393 542 3435 erus
559 3377 715 3448 pereurid.
761 3374 820 3438 SA.
843 3377 901 3434 Ain
925 3380 967 3446 tn,
985 3373 1154 3446 percerte?

236 3467 391 3534 Addimus
413 3469 554 3549 reliquas
577 3469 708 3550 formes,
733 3488 815 3551 quae
837 3467 1051 3547 inveniuntur,
1075 3468 1217 3547 locatim,
1241 3467 1306 3547 pri·

148 3581 236 3628 mum
262 3566 384 3644 Sicyoni
407 3575 439 3631 et
464 3569 650 3642 coetaneo.
695 3568 799 3631 Plaut.
824 3565 899 3630 cist.
917 3567 941 3645 I,
967 3572 996 3645 3,
1020 3571 1056 3630 8:
1080 3567 1199 3642 Sicyoni
1220 3567 1304 3626 fuere

23 3725 24 3756 r
144 3663 203 3722 iam
227 3665 277 3725 dio
294 3667 447 3741 Dionysia.
478 3664 593 3728 Pseud.
609 3663 663 3742 IV,
680 3669 708 3743 2,
726 3669 781 3730 38:
805 3668 880 3727 Nam
904 3667 991 3727 hodie
1008 3663 1128 3727 Siccenni
1149 3674 1305 3726 necessest

23 3765 24 3842 J
147 3777 199 3854 me·
218 3779 285 3822 esso
310 3769 362 3823 aut
385 3781 452 3825 cras
475 3773 600 3825 mortem
625 3767 740 3840 exequi.
786 3761 857 3826 Cas.
881 3762 961 3842 prol.
985 3781 1014 3825 v.
1039 3767 1155 3826 71:11
1179 3782 1233 3838 ego
1257 3764 1304 3823 aio

23 3911 24 3928 ,
145 3857 203 3918 hoc
225 3858 292 3919 fieri
315 3861 345 3920 in
369 3861 498 3923 Graecia
521 3870 551 3922 et
573 3863 765 3936 marcennae.
810 3858 905 3923 Pocn.
927 3858 965 3938 V,
989 3863 1017 3936 2,
1042 3863 1096 3922 la:
1119 3861 1307 3932 Karthoyc'm'

145 3971 200 4030 ego
224 3975 287 4016 snm
311 3965 427 4033 gnatos.
473 3977 502 4022 v.
527 3961 581 4022 96:
617 3963 666 4036 qui
694 3961 792 4035 potuit
822 3961 886 4020 fieri
914 3965 948 4018 ut
976 3959 1161 4032 Kocthoyc'nc'
1191 3957 1304 4017 Gnatus

145 4056 196 4113 sis.
241 4053 365 4118 Deinde
383 4055 551 4117 Acherunti
573 4055 676 4121 Plaut.
700 4055 798 4119 Marc.
822 4053 882 4134 ΙΙΙ,
905 4062 935 4133 4,
960 4059 1016 4118 21;
1049 4057 1155 4116 Facito
1178 4071 1249 4129 ergo
1272 4061 1305 4114 nt

143 4149 312 4213 Acherunti
338 4157 439 4215 clueas
466 4157 570 4230 gloria.
617 4153 653 4232 V,
678 4159 708 4231 4,
741 4157 772 4215 1:
808 4154 877 4212 Vidi
904 4171 959 4228 ego
987 4156 1080 4213 multe
1107 4169 1196 4227 saepe
1221 4153 1305 4225 picta

145 4265 219 4322 qnae
250 4247 420 4311 Acheronti
448 4251 556 4313 fierent
585 4255 802 4314 Cruciamenta.
849 4247 930 4312 Turn
952 4251 1007 4322 18111·
1035 4248 1193 4312 nonnullis
1224 4245 1305 4309 locis
