3064 4754
190 246 252 304 2112
645 235 801 276 sonantur.
817 235 879 274 oar.
894 233 935 274 ru.

190 413 370 486 pervenerit.
409 407 443 474 Ο.
470 413 523 474 76;
557 414 628 472 item
651 413 738 472 linito
759 426 852 484 usura
880 410 966 485 odeo,
1003 409 1100 469 donec
1123 423 1209 466 omne
1233 423 1352 466 caseum

190 526 256 568 cnm
278 511 368 570 melle
392 509 502 570 adesus
524 511 594 570 eris.
619 506 652 572 O.
675 511 731 570 86:
755 510 848 568 Lacte
872 508 964 568 addat
984 507 1129 582 paulatim
1151 521 1243 577 usque
1269 505 1351 577 odeo,

190 608 285 666 donec
316 623 433 666 cremor
463 623 583 667 crassus
606 609 664 666 erit
692 605 798 666 iactus.
845 602 879 667 O.
904 607 961 666 88:
996 603 1030 661 Id
1060 603 1218 676 aliquoties
1247 603 1278 660 in
1294 601 1349 659 die

190 701 349 779 [quotidie]
372 701 476 781 lecito,
497 721 587 776 11111
611 705 683 762 odeo
707 705 802 763 donec
824 707 869 764 sal
891 701 1034 763 desiverit
1048 702 1205 762 tabescere
1220 700 1350 758 biduum.

188 799 246 864 ib.:
286 801 384 873 Usque
406 800 478 859 odeo
499 802 530 860 in
555 805 617 862 sole
641 803 760 874 habeto,
784 801 880 860 donec
903 800 1100 860 concreverit.
1146 794 1180 859 C.
1205 799 1258 859 95:
1288 796 1351 869 igni

188 901 250 958 leni
274 900 393 973 coquito
416 929 460 939 -
479 899 676 971 usqueadeo,
699 900 768 958 dum
789 897 844 957 fiat
864 905 924 957 tam
948 914 1091 973 crassum,
1115 913 1203 970 quam
1224 896 1291 953 mel.
1316 889 1348 956 O.

188 998 243 1058 40:
268 998 359 1056 artito
383 994 572 1070 (surculum)
593 1013 686 1069 usque
708 996 780 1054 odeo
802 1013 859 1068 qaae
881 995 1082 1069 praeacneris.
1107 989 1238 1055 0106:
1259 1007 1351 1064 11111

189 1095 277 1165 odeo,
310 1095 405 1154 donee
434 1111 519 1154 ovnm
549 1095 745 1169 gallinaceum
774 1101 891 1152 coctum
919 1093 1042 1152 natabit.
1089 1087 1122 1153 O.
1150 1094 1202 1152 17:
1240 1091 1350 1148 Postea

191 1207 282 1264 usque
305 1190 379 1249 odeo
404 1196 473 1249 sunt
492 1194 559 1265 plns
582 1208 700 1251 menses
716 1192 796 1252 VIII.
821 1187 923 1251 Plaut.
948 1185 1045 1251 Merc.
1068 1185 1127 1264 ΙΙΙ,
1143 1192 1173 1265 4,
1188 1189 1241 1249 72:
1265 1183 1349 1244 Adeo

189 1291 257 1350 dnm
276 1289 357 1348 illius
380 1289 528 1361 cupiditas
551 1294 581 1348 te
605 1295 694 1363 atque
718 1307 800 1348 amor
821 1290 942 1347 missum
966 1285 1059 1346 lacit?
1081 1283 1177 1347 Mero.
1198 1281 1223 1360 Ι,
1248 1286 1275 1360 1,
1294 1285 1312 1342 7
1317 1285 1348 1341 7:

189 1385 273 1445 Adeo
298 1386 374 1444 dnm.
398 1382 526 1448 Terent.
549 1383 632 1448 Eun.
648 1384 703 1454 lv,
720 1387 749 1462 6,
767 1390 803 1448 3:
828 1387 926 1458 Usque
948 1384 1021 1442 odeo
1036 1385 1117 1444 illius
1132 1384 1212 1442 ferre
1228 1398 1348 1456 possum

189 1485 342 1557 ineptiam.
358 1514 402 1524 -
418 1485 457 1560 2.,
481 1481 509 1546 A
525 1479 586 1544 loci
601 1477 830 1560 significatione
853 1480 1044 1544 translatum
1060 1485 1119 1558 est,
1136 1479 1162 1542 si
1174 1478 1348 1555 usurpatur

190 1577 224 1642 in
244 1577 394 1656 loquendi
417 1578 554 1642 formula
575 1579 647 1638 odeo
668 1598 717 1638 res
738 1581 829 1655 redit,
859 1577 921 1642 vid.
950 1577 1053 1641 Hand.
1077 1576 1103 1656 1,
1126 1596 1156 1657 p.
1183 1579 1251 1640 138.
1297 1573 1348 1636 Sic

192 1675 319 1740 Terent.
335 1674 460 1738 Phorm.
478 1674 503 1752 Ι,
521 1679 551 1753 2,
567 1679 602 1738 5:
628 1677 700 1736 odeo
721 1695 770 1737 res
791 1679 878 1754 redit,
902 1679 1002 1752 Siquis
1026 1678 1095 1752 qnid
1111 1677 1219 1748 reddit,
1243 1691 1350 1746 magna

191 1775 358 1835 habendast
380 1777 486 1850 gratia.
509 1771 626 1836 Heaut.
649 1772 686 1849 V,
712 1777 740 1851 2,
765 1777 821 1836 27:
845 1773 953 1835 Adeon
973 1793 1036 1834 reru
1055 1774 1189 1846 rediisse,
1213 1778 1247 1831 nt
1268 1773 1347 1845 peri-

189 1876 266 1933 clum
290 1874 379 1930 etiam
402 1891 420 1931 1
441 1870 519 1932 fame
543 1874 615 1931 milri
638 1875 686 1944 sit,
710 1872 808 1954 Syre?
852 1870 968 1935 Heaut.
998 1871 1023 1949 I,
1049 1877 1077 1950 l,
1100 1874 1156 1932 61:
1194 1871 1349 1929 Postremo

189 1970 261 2030 odeo
274 1987 322 2028 res
336 1969 433 2028 rediit.
446 1999 488 2010 —-
502 1971 541 2044 3.,
567 1963 796 2046 Amplificatam
814 1967 1027 2033 conditionem
1040 1975 1073 2032 et
1087 1985 1154 2030 rem
1171 1965 1212 2028 ad
1226 1966 1348 2030 1111111

190 2065 328 2143 aliquem
352 2064 487 2144 gradum
507 2068 692 2142 provectam
720 2069 753 2128 et
775 2072 901 2129 auctam
925 2065 1071 2143 denotat,
1100 2082 1164 2143 qua
1191 2057 1348 2142 significa-

188 2163 275 2227 tione
298 2161 502 2241 ccniungitur
529 2164 656 2224 etcum
685 2163 851 2227 adiectivis
882 2166 915 2226 et
937 2180 1008 2226 cum
1031 2161 1190 2226 adverbiis
1222 2166 1253 2225 et
1276 2177 1347 2223 cum

190 2257 398 2324 substantivis
422 2264 457 2324 et
478 2277 550 2324 cum
566 2258 688 2322 verbis.
712 2259 811 2324 Naev.
836 2259 1009 2325 Corollaria
1030 2259 1069 2323 ir.
1096 2265 1122 2337 1,
1146 2279 1175 2323 v.
1192 2266 1245 2324 37:
1265 2258 1349 2319 Adeo

190 2359 334 2420 efflictim.
359 2355 462 2421 Plaut.
485 2357 566 2422 Rud.
582 2357 620 2435 V,
645 2363 673 2436 3,
698 2361 755 2421 32:
779 2362 813 2420 Id
837 2378 891 2434 ego
915 2363 1055 2421 continuo
1078 2362 1147 2420 lruic
1172 2362 1256 2431 dabo,
1280 2358 1352 2416 adeo

191 2476 237 2518 me
260 2463 293 2516 ut
315 2459 363 2516 hic
388 2458 505 2516 emittat
527 2475 631 2534 manu,
663 2455 717 2519 ubi
745 2458 817 2516 odeo
844 2457 985 2520 attidem
1010 2455 1095 2519 valet
1115 2460 1213 2534 atque
1242 2458 1287 2514 111
1308 2459 1350 2528 ut,

191 2572 223 2614 eo
245 2554 365 2614 cotaleo
386 2558 427 2613 ut.
473 2552 587 2616 Bacch.
616 2551 659 2631 H,
689 2559 718 2630 3,
748 2559 799 2616 49.
831 2551 928 2618 Merc.
951 2571 981 2617 1.
1005 2558 1059 2618 35:
1083 2555 1159 2628 Quia
1181 2556 1279 2614 nullus
1301 2572 1349 2613 us·

192 2669 278 2728 qnam
301 2659 415 2712 amator
437 2651 540 2712 adeost
563 2655 671 2712 callide
695 2655 862 2713 Facundus.
907 2650 932 2730 I,
959 2657 987 2729 l,
1011 2655 1061 2729 64,
1090 2650 1205 2730 quibus
1228 2649 1352 2713 duobus

191 2746 269 2812 locis
292 2751 342 2811 est
364 2746 404 2824 ic,
428 2745 459 2828 ic
483 2743 553 2827 istit.
577 2748 724 2828 Aquilius
746 2748 883 2812 Boeotia
904 2768 931 2812 v.
954 2753 986 2812 8:
1010 2751 1138 2810 odeo-
1157 2757 1198 2809 nt.
1222 2746 1349 2809 Terent.

192 2843 326 2923 Adelph.
365 2843 406 2921 II,
431 2848 460 2921 2,
487 2850 539 2908 13:
576 2866 647 2907 vero
679 2865 733 2922 ego
760 2867 918 2922 numquam
944 2849 1017 2907 odeo
1045 2847 1237 2922 1111111111,
1273 2847 1350 2917 Quin

194 2944 338 3018 quidquid
359 2961 477 3017 possem
501 2946 620 3003 mallem
643 2944 762 3005 auferre
785 2947 884 3019 potins
907 2947 937 3004 in
960 2946 1139 3020 praesentia.
1165 2943 1261 3006 Andr.
1277 2940 1303 3019 I,
1323 2948 1349 3018 l,

192 3043 248 3103 93:
286 3042 327 3099 Et
350 3043 440 3113 voltu,
462 3043 560 3110 Sosia,
583 3041 667 3101 Adeo
690 3045 841 3115 modesto,
869 3043 941 3100 odeo
963 3049 1102 3114 venusto,
1130 3051 1163 3101 ut
1186 3044 1227 3102 nil
1249 3061 1348 3116 snpra.

192 3136 274 3199 Eun.
313 3135 338 3213 Ι,
363 3141 392 3213 2,
418 3141 492 3200 123;
534 3158 601 3199 nam
624 3158 671 3200 me
695 3141 758 3200 eius
788 3158 876 3214 spero
899 3139 1024 3200 fratrem
1051 3140 1265 3214 propemodum
1287 3141 1349 3198 Iam

191 3238 362 3309 repperisse
396 3235 617 3297 adulescentem
643 3237 716 3296 odeo
738 3238 876 3298 nobilem.
900 3233 1131 3314 Nonnunquam
1160 3235 1192 3298 in
1224 3253 1350 3312 compa-

191 3330 315 3392 ratione
337 3331 475 3410 ponitur,
502 3341 537 3392 ut
558 3332 656 3395 Andr.
684 3332 710 3410 I,
735 3337 763 3410 5,
790 3337 843 3397 10:
880 3332 984 3393 Adeon
1009 3334 1157 3394 hominem
1180 3352 1246 3394 ease
1269 3337 1349 3393 inve-

192 3437 310 3490 nustum
329 3437 380 3489 aut
403 3428 552 3491 infelicem
576 3449 760 3506 quemqnam,
783 3437 817 3491 ut
839 3450 893 3507 ego
917 3432 1001 3492 sum?
1034 3429 1152 3494 Heaut.
1175 3430 1213 3508 V,
1239 3435 1265 3507 1,
1292 3434 1349 3491 12:

192 3527 328 3587 Gaudere
359 3528 432 3586 odeo
455 3531 570 3604 coepit,
608 3531 694 3602 quasa·
721 3533 770 3604 qui
801 3531 924 3603 eupiunt
952 3531 1088 3604 nuptias,
1112 3527 1141 3592 h.
1166 3530 1349 3605 stantum,
1384 3581 1392 3587 .

193 3627 346 3701 quantum
362 3622 541 3701 gaudentii
557 3626 612 3703 qui
627 3629 701 3688 cett.
715 3661 753 3670 -
770 3631 809 3703 4.,
834 3625 985 3704 Sequitur
999 3625 1027 3688 is
1043 3641 1130 3703 usus,
1146 3623 1349 3704 1111111111-

191 3718 305 3782 holdus
327 3718 346 3782 l.
371 3718 391 3781 l.
415 3713 507 3782 usum
530 3720 669 3798 petitum
692 3723 870 3802 particulae
902 3721 992 3799 dicit,
1020 3722 1233 3800 repetendum
1259 3719 1350 3783 illum

193 3835 229 3880 ex
254 3812 485 3896 significatione
507 3816 709 3897 primigenia,
732 3819 789 3884 sed
812 3821 857 3884 111
882 3825 1004 3897 tamen,
1027 3824 1064 3882 ut
1084 3819 1178 3884 huius
1201 3819 1249 3883 vis
1270 3836 1349 3898 pau-

192 3914 257 3976 lum
280 3913 448 3978 imminuta
471 3915 520 3980 sit.
567 3914 668 3990 Quam
693 3914 954 3997 significationem
983 3917 1129 3981 Handius
1159 3915 1349 3980 intensivarn

192 4010 268 4074 dicit
303 4014 336 4074 et
365 4013 530 4090 comparat
566 4030 637 4076 eum
671 4014 869 4079 Graecorum
905 4013 1063 4093 particula
1095 4012 1278 4078 restrictiva
1305 4013 1348 4084 γέ.

191 4107 368 4187 Distinguit
391 4109 488 4187 enim,
527 4115 563 4172 ut
585 4109 729 4174 Handius
752 4113 812 4189 ait,
849 4113 923 4171 odeo
956 4111 1005 4189 id,
1039 4110 1123 4190 quod
1145 4113 1220 4174 ante
1243 4110 1349 4172 omnia

192 4209 343 4269 11111111
366 4210 399 4268 et
420 4205 555 4270 maxime
579 4207 787 4286 spectandum
811 4209 868 4287 sit,
892 4208 1002 4272 autin
1025 4208 1131 4289 aliqua
1152 4226 1189 4272 re
1216 4223 1350 4287 magno·
