3040 4758
208 279 248 336 64
639 271 791 313 susanam.
807 271 870 312 cnr.
884 269 925 311 ιιι.

150 481 154 488 -
207 457 301 522 aquo
313 439 433 522 aliquid
444 442 589 519 sumitm·‚
612 446 670 508 aut
689 460 784 525 equo
801 442 920 525 aliquid
940 443 1014 508 exit.
1036 441 1140 508 Pleut.
1157 441 1255 507 Poen.
1271 441 1310 522 V,
1332 447 1366 520 6,

209 544 258 603 14.
284 543 332 602 15.
359 542 410 603 16:
434 556 515 602 sume
538 541 608 600 utra
630 541 758 616 quidem.
783 553 929 603 -sume
953 541 1022 603 tanc
1044 541 1207 617 quidlubet,
1231 540 1272 604 a'd
1293 554 1323 618 q.
1345 537 1366 603 l.

207 634 322 700 hamb:
347 632 522 715 „coascende
562 633 728 717 Significat
742 654 777 702 se
793 637 874 702 collo
890 642 922 703 et
938 635 1111 717 suspendio
1125 635 1272 701 omnibns
1285 635 1367 700 satis

206 732 395 798 facturum.“
440 732 554 797 Pseud.
569 733 594 813 1,
619 737 648 812 5,
671 737 728 800 89:
751 753 819 796 nam
841 736 911 796 hiae
933 736 1051 811 quidem
1074 754 1092 796 a
1114 752 1161 796 me
1184 751 1242 796 non
1265 741 1369 809 potest

208 835 374 907 Argentum
398 830 522 892 auferri.
567 830 649 895 Rud.
673 830 727 909 IV,
749 836 780 910 4,
804 834 858 896 56:
882 834 951 893 dum
973 834 1022 893 hio
1045 833 1114 893 hirto
1137 849 1155 892 a
1176 849 1223 892 me
1246 833 1368 903 sentiat,

209 926 239 990 h.
264 945 301 1004 e,
324 931 360 990 ut
373 926 519 1006 Kampm.
543 927 583 992 de
598 931 650 991 AB
673 943 783 1006 praep.
806 935 870 1006 p.4
892 926 1040 1007 explicat,
1063 927 1139 992 dum
1160 926 1212 992 hic
1233 925 1363 990 vidulus

208 1041 229 1088 a
251 1024 329 1088 meis
351 1023 497 1102 partibus
521 1023 577 1103 sit,
606 1041 730 1089 mecum
752 1024 879 1088 sentiat
924 1023 991 1088 Mil.
1013 1023 1074 1103 ΙΙΙ,
1100 1029 1127 1102 1,
1150 1028 1205 1086 72ε
1243 1027 1298 1084 Vel
1322 1026 1370 1083 hi-

209 1123 398 1184 larissumom
422 1125 573 1183 convivam
597 1123 666 1183 aare
687 1123 817 1184 indidem
840 1139 1012 1198 expromam
1034 1124 1098 1182 tihi.
1121 1119 1237 1185 Bacch.
1260 1119 1315 1198 IV,
1339 1125 1371 1197 7,

211 1219 266 1280 26:
296 1220 463 1293 Numquam
486 1219 605 1282 auferes
628 1221 698 1280 hirto
718 1237 831 1282 aurum.
858 1217 973 1283 Pseud.
990 1216 1033 1297 II,
1057 1222 1087 1297 2,
1110 1222 1159 1282 23,
1182 1215 1239 1296 IV,
1262 1220 1291 1294 2,
1316 1221 1372 1279 Ι4;

210 1317 286 1376 Nam
309 1318 360 1391 pol
382 1317 451 1376 hice
472 1317 656 1377 tantumdem
671 1319 813 1392 accipies.
835 1314 936 1395 1v‚c,
955 1319 1008 1379 10:
1032 1317 1101 1376 hiae
1115 1317 1211 1376 hostis
1226 1320 1371 1375 manssat.

210 1409 324 1476 Pseud.
355 1429 384 1475 v.
411 1415 501 1478 1318.
526 1431 555 1477 v.
582 1417 678 1477 1328:
700 1413 782 1476 feres
805 1414 881 1474 hiso.
925 1409 1011 1476 Men.
1031 1411 1074 1486 11,
1098 1415 1127 1488 3,
1150 1413 1206 1474 86:
1226 1413 1282 1472 Est
1303 1409 1375 1468 lame

210 1511 324 1585 praeda
354 1511 446 1571 nohis.
492 1508 568 1575 cist.
592 1510 647 1589 IV,
672 1514 699 1586 l,
722 1512 751 1573 6.
775 1507 870 1574 Most.
894 1508 953 1588 111,
980 1514 1007 1587 Ι,
1028 1511 1082 1572 68:
1105 1511 1151 1570 Ne
1174 1523 1229 1584 gry
1251 1507 1374 1584 quidem

212 1611 306 1668 Ferre
329 1609 402 1668 ttae
423 1616 519 1683 potes.
564 1605 623 1684 111,
650 1612 677 1684 l,
703 1608 777 1669 116:
808 1607 892 1668 Hinc
913 1609 1055 1682 sumpsit,
1079 1623 1153 1681 quas
1176 1607 1205 1665 ei
1227 1605 1373 1664 dedimus.

211 1703 267 1780 IV,
284 1708 313 1780 3,
334 1707 383 1768 31.
414 1703 542 1767 Terent.
559 1700 694 1781 Adelph.
710 1701 770 1780 ΙΙΙ,
794 1707 823 1780 3,
848 1708 880 1766 7;
904 1705 973 1764 hinc
995 1701 1037 1778 (h.
1054 1719 1081 1765 e.
1097 1701 1138 1765 ub
1153 1699 1213 1764 hoc
1228 1700 1374 1773 auctore)

215 1803 298 1862 scibo
321 1803 379 1861 iam
400 1802 450 1862 ubi
472 1803 538 1862 siet.

300 1914 328 1976 g.
365 1894 547 1975 Opponitur
568 1897 664 1966 illiue,
698 1896 784 1976 quod
811 1899 862 1960 est
888 1912 927 1960 ex
953 1894 1010 1958 illo
1032 1894 1110 1961 loco.
1156 1893 1220 1960 Sed
1242 1895 1310 1954 ttae
1330 1922 1376 1936 ·-

213 1995 298 2054 illoto
320 1992 449 2071 saepius
471 2009 541 2057 oum
569 1991 676 2058 verbis
700 1993 869 2058 coniuncta
896 1989 1088 2073 significant:
1124 1991 1166 2056 ab
1195 1991 1255 2055 huc
1280 1993 1377 2070 parte

216 2123 259 2134 -
288 2090 330 2155 ab
359 2087 415 2154 illc
441 2089 508 2154 sive
534 2088 640 2153 altera
667 2096 770 2171 purte.
814 2088 996 2170 Utrumque
1023 2092 1133 2152 sutem
1163 2087 1258 2153 simul
1291 2101 1377 2150 oom-

218 2203 369 2266 prensum
394 2185 525 2267 ponitur
546 2204 605 2266 pro
628 2207 687 2250 non
710 2207 768 2250 uno
790 2207 827 2250 ex
846 2191 928 2263 loco,
951 2184 1060 2250 multis
1082 2203 1122 2250 ex
1144 2185 1305 2265 partiunt,
1324 2181 1379 2247 vel

217 2299 277 2363 pro
293 2287 478 2361 ubicumque.
509 2282 561 2346 Ita
576 2281 787 2350 conficiuntur
801 2283 956 2348 formulae
972 2285 1041 2344 lunc
1056 2290 1084 2345 et
1096 2285 1188 2352 tolca
1209 2286 1245 2347 et
1258 2279 1379 2346 emissa

218 2379 376 2462 particula
398 2384 467 2444 laton
488 2383 579 2452 utute,
601 2380 687 2461 quod
710 2397 781 2446 esse
803 2385 912 2462 potest
934 2385 1008 2444 hinc.
1026 2388 1057 2442 et
1079 2383 1174 2456 illinc,
1197 2376 1255 2444 sed
1278 2376 1377 2442 etium

219 2482 289 2538 hine
311 2483 358 2540 vel
380 2481 473 2540 illinc.
518 2478 622 2542 Plaut.
646 2477 741 2543 Most.
757 2477 815 2556 ΠΙ,
842 2483 869 2557 Ι,
893 2483 950 2543 37:
973 2480 1021 2540 Ita
1042 2483 1070 2539 et
1091 2479 1160 2540 hitto
1181 2483 1209 2539 ct
1228 2477 1315 2538 atltae
1333 2479 1377 2537 mi

216 2576 358 2636 exhibent
386 2579 546 2651 negotium.
592 2574 705 2654 Amph.
732 2593 761 2641 v.
789 2575 866 2640 229:
900 2578 1069 2652 Imperator
1095 2585 1221 2651 uterque
1251 2575 1321 2636 ttae
1349 2579 1380 2634 et

214 2671 298 2732 illico
320 2673 382 2734 lovi
406 2674 483 2733 Vota
505 2675 667 2748 suscipere.
707 2670 791 2735 Men.
808 2671 846 2750 V,
870 2676 899 2751 2,
920 2675 977 2736 48;
1001 2673 1079 2733 Hinc
1101 2679 1175 2747 stas,
1198 2675 1283 2732 illinc
1306 2691 1377 2733 ouu-

218 2785 281 2828 sam
305 2769 388 2830 dieis.
434 2767 561 2833 Terent.
579 2768 714 2850 Adelph
729 2769 786 2848 IV,
810 2774 841 2848 5,
864 2772 920 2834 38:
943 2769 1011 2830 dum
1035 2775 1178 2846 cognatus
1201 2770 1271 2831 hinc
1284 2770 1380 2830 Iutae

218 2867 343 2926 veniret.
426 2893 428 2900 v

303 2961 333 3025 h.
368 2960 432 3028 Sed
454 2961 538 3045 qnod
561 2962 666 3029 locum
689 2961 816 3037 attinet,
840 2958 1035 3027 transfertur
1061 2961 1103 3026 ad
1131 2961 1218 3042 ipsas
1239 2973 1308 3037 res,
1344 2964 1380 3024 et

219 3056 336 3121 dicitur
358 3061 428 3122 tine
450 3077 509 3141 pro
533 3079 572 3124 ex
594 3059 655 3124 hec
675 3077 720 3123 re.
748 3058 944 3140 intelligitur
966 3057 1056 3139 origo
1079 3062 1113 3122 et
1134 3075 1238 3123 causa.
1269 3055 1380 3134 Quare

217 3153 378 3219 interdurn
401 3160 469 3219 tica
491 3156 574 3221 idem
598 3160 657 3235 est,
680 3157 765 3235 quod
787 3174 826 3220 ex
847 3155 908 3220 hac
930 3171 1037 3234 causa,
1059 3158 1260 3235 propterea,
1283 3152 1381 3218 Ennii

219 3251 258 3316 fr.
282 3251 498 3332 eupunculae.
523 3252 626 3319 Plaut.
640 3252 754 3319 Bacch
768 3271 796 3318 v.
811 3257 867 3320 33:
891 3260 1047 3329 argentum
1067 3253 1137 3315 tte
1151 3252 1254 3315 facito.
1277 3247 1377 3316 Stich.

218 3345 257 3426 V,
273 3355 303 3428 4,
320 3355 355 3414 5:
380 3369 447 3413 nem
463 3354 531 3413 hhtc
547 3353 664 3427 quidem
680 3353 777 3413 Hodie
792 3355 963 3427 polluctura
977 3358 1100 3426 praeter
1112 3367 1167 3411 nos
1182 3352 1242 3412 iam
1256 3350 1380 3410 dubitur

219 3449 338 3507 nemini.
366 3444 479 3512 Pseud.
496 3447 521 3526 Ι,
542 3453 568 3526 l,
587 3451 639 3512 18:
663 3449 744 3524 (lupe
767 3451 822 3510 has
844 3450 986 3509 tabellas:
1009 3453 1074 3508 tute
1089 3447 1161 3507 hinc
1174 3447 1379 3508 narratotihi.

217 3540 333 3607 Pseud.
346 3541 389 3622 11,
412 3547 441 3623 2,
465 3547 515 3607 20.
538 3544 618 3609 Rud.
636 3544 691 3624 IV,
706 3551 736 3624 4,
754 3550 808 3610 57:
831 3546 925 3621 Atqui
944 3560 1022 3605 nunc
1044 3561 1100 3620 aps
1121 3551 1153 3604 te
1174 3549 1253 3606 stet:
1275 3549 1381 3606 vetum

219 3641 290 3700 hice
317 3641 357 3712 (h.
382 3659 407 3702 e.
432 3658 469 3702 ex
492 3642 602 3712 vidulo)
630 3645 704 3704 cihit
726 3645 937 3704 testimonium.
980 3638 1077 3704 Poen.
1101 3638 1140 3718 V,
1161 3643 1192 3718 4,
1213 3642 1269 3703 3οε
1292 3641 1380 3701 Nunc

219 3737 289 3797 hino
311 3740 404 3814 sapit,
431 3739 573 3815 quidquid
595 3741 689 3814 sapit3
716 3739 785 3800 hice
806 3740 908 3813 sentit,
931 3755 949 3798 e
971 3753 1038 3798 meo
1060 3753 1170 3800 umore.
1203 3733 1299 3800 Most.
1318 3733 1382 3813 ΙΠ,

220 3837 251 3912 2,
276 3838 325 3898 75.
350 3837 399 3897 te.
439 3833 567 3900 Terent.
589 3834 648 3899 Ad.
665 3834 703 3915 V,
727 3839 756 3914 3,
780 3837 838 3900 3οι
873 3834 951 3913 quod
973 3834 1043 3895 than
1064 3835 1236 3895 accesserit.
1281 3831 1381 3897 Andr.

219 3927 246 4007 1,
271 3935 299 4009 Ι,
322 3935 378 3996 99:
402 3933 485 3993 Hora
506 3934 577 3994 illee
599 3937 762 4008 lacrumae,
785 3931 816 3996 h.
839 3949 867 3997 e.
889 3949 929 3995 ex
950 3929 1011 3995 hae
1033 3941 1130 3994 ausa
1150 3921 1307 3995 oriuntnr'.

305 4026 326 4091 i.
362 4026 467 4104 Quum
485 4030 556 4092 tum
568 4027 674 4094 locum
690 4032 724 4094 et
743 4047 822 4108 rem,
844 4027 929 4094 unde
950 4025 1029 4108 quid
1050 4028 1146 4090 excat
1164 4029 1224 4091 aut
1244 4022 1383 4104 eveniat,

221 4120 389 4203 significet,
412 4128 522 4205 potest
544 4123 641 4191 etium
662 4124 703 4192 de
724 4143 761 4192 re
782 4124 945 4206 usurpari,
979 4121 1066 4188 unde
1087 4121 1210 4204 aliquid
1230 4120 1384 4189 sumitur:

220 4233 321 4296 quere
342 4218 461 4286 dicitur
483 4223 553 4284 hinc
576 4224 695 4298 bibere,
728 4220 749 4286 i.
770 4239 798 4286 e.
828 4218 948 4288 toccu
968 4215 1124 4284 tritico.
1166 4219 1205 4284 ln
1226 4218 1275 4284 his
1302 4235 1384 4284 vero
