3058 4766
229 255 288 310 11ss
667 240 823 280 SUBSTANT.
845 240 907 281 OAP.
923 242 964 282 ΙΙΙ.

233 417 477 492 comparationis,
508 413 563 493 qui
589 414 663 493 poni
685 413 768 478 solet
794 419 868 495 post
895 412 1127 495 comparativus
1156 415 1191 476 et
1212 409 1266 491 qui
1288 411 1383 493 vulgo

230 513 365 578 solvitur
388 529 558 592 perquam
581 511 781 598 adverbium.
810 511 843 576 Si
866 527 1015 593 comparo
1038 527 1106 575 rem
1127 525 1200 574 oum
1223 526 1267 586 re,
1290 506 1385 589 profi·

228 613 331 676 eiscor
353 610 444 688 quasi
467 608 507 674 ab
530 608 643 687 altera,
673 609 719 674 sic
743 612 832 672 Gaius
856 612 973 673 doctior
995 617 1042 670 est
1064 610 1131 668 Tito
1154 604 1238 669 idem
1262 609 1311 669 est
1333 623 1385 670 ao:

232 709 258 774 si
281 727 300 772 a
323 706 395 772 Tito
419 703 611 786 proficiscor,
634 705 661 772 si
683 705 789 770 aTito
812 703 1020 786 proficiscens
1041 721 1111 770 rem
1134 707 1260 782 specto,
1290 700 1386 767 Caius

229 812 278 874 est
300 806 429 870 doctior.
453 804 658 870 Dissentiunt
672 803 864 886 Madvigius,
888 804 943 883 qui
965 802 1140 868 ablativum
1162 805 1237 879 post
1260 817 1386 880 eompa-

230 905 351 970 rativos
380 902 520 982 positum
544 900 759 980 instrumenti,
803 901 975 967 Putschius
1004 916 1136 981 gramm.
1157 897 1225 961 ,iat
1255 915 1284 977 p.
1316 901 1386 973 188,

229 1002 326 1067 addit.
352 1005 387 1079 2,
417 998 472 1078 qui
500 997 675 1063 ablativum
701 997 900 1064 limitationis
933 1016 1003 1064 esse
1031 997 1156 1077 putant.
1192 995 1290 1075 Legg.
1323 993 1387 1058 XII

228 1099 331 1175 tabu,
354 1098 399 1175 X,
425 1094 463 1159 fr.
489 1100 522 1160 2:
559 1099 626 1158 Hoo
641 1100 715 1172 olas
736 1117 774 1160 ne
797 1098 899 1161 tacito.
947 1094 1026 1160 Ceto
1049 1094 1087 1157 R.
1111 1093 1147 1156 R.
1171 1110 1197 1157 e.
1220 1097 1255 1156 4:
1290 1095 1387 1154 Frons
1503 1147 1504 1156 ,

230 1197 364 1270 occipitio
385 1196 474 1268 prior
500 1201 555 1256 est.
602 1191 635 1258 C.
661 1197 695 1256 5:
735 1197 929 1273 operarium,
963 1195 1194 1266 mercenarium,
1229 1193 1387 1265 polituram

230 1295 343 1353 mutim
366 1292 490 1352 eundem
514 1309 550 1351 ne
567 1293 677 1352 habeat
696 1294 754 1353 die.
778 1290 812 1356 C.
837 1295 890 1354 28:
914 1293 1045 1353 Arbores
1061 1291 1220 1350 ormsiores
1234 1288 1335 1361 diqiiis
1353 1289 1387 1348 V.
1504 1295 1505 1318 i

231 1407 305 1466 quae
330 1396 425 1450 erunt.
448 1385 544 1450 Ennii
566 1386 715 1453 Hectoris
737 1388 841 1454 lustro
862 1386 899 1451 fr.
928 1389 1113 1451 tremidus
1135 1395 1183 1448 est
1204 1386 1313 1446 virtuto
1330 1387 1387 1446 ius.

230 1485 332 1550 Plaul.
357 1482 451 1548 Stich.
476 1483 518 1563 ΙΙ,
542 1489 571 1565 2,
595 1491 652 1549 44:
684 1489 874 1563 conspiratus
897 1505 960 1548 sum
983 1487 1102 1546 interim
1126 1485 1304 1551 Oerourum,
1332 1498 1390 1554 quo
1505 1477 1506 1502 ³

230 1603 285 1660 ego
313 1602 359 1644 me
386 1585 528 1644 maiorem
562 1602 620 1644 uon
650 1585 760 1646 vidisse
790 1601 909 1646 censeo.
954 1581 1038 1645 Trin.
1061 1579 1099 1656 V,
1128 1585 1164 1658 2,
1193 1582 1249 1642 30:
1286 1580 1390 1639 tunica

224 1683 351 1756 propior
368 1681 501 1754 pulliost.
525 1677 639 1758 Amph.
663 1679 687 1750 I,
714 1684 739 1757 l,
766 1684 843 1743 123:
866 1683 970 1756 Neque
987 1697 1041 1754 ago
1061 1681 1118 1738 roa
1132 1681 1213 1738 rorte
1229 1676 1390 1749 lonqiorem

230 1798 277 1840 me
300 1776 410 1839 vidisse
434 1794 550 1837 censeo,
596 1773 667 1838 Aul.
689 1774 733 1854 ΙΙ,
757 1779 786 1854 2,
811 1779 865 1840 29;
903 1779 1006 1852 Neque
1028 1776 1080 1835 iilo
1103 1776 1289 1850 quisquamst
1310 1775 1391 1832 alter

230 1878 318 1937 hodie
343 1893 380 1934 ex
402 1880 580 1949 paupertate
600 1875 730 1946 parcior.
778 1870 848 1936 ilas.
871 1870 918 1949 ΙΙ,
943 1876 977 1950 3,
1001 1876 1034 1936 9:
1074 1873 1131 1946 Qui
1154 1872 1291 1947 qu0m²¹)
1323 1888 1391 1931 amo

231 1975 369 2034 (lesinam
397 1971 493 2044 muris
513 1971 600 2030 initio
622 1972 773 2030 munditiis
797 1973 972 2031 Munditiam
996 1972 1130 2046 antideo,
1159 1967 1244 2046 quod
1267 1966 1392 2032 Grono-

230 2067 302 2132 vius
325 2064 474 2144 explieat:
497 2065 599 2145 magis
622 2083 714 2145 quam
738 2065 889 2145 primum,
917 2083 1010 2145 quam
1034 2065 1124 2142 olim,
1149 2081 1244 2143 quam
1267 2062 1390 2128 solitus.

232 2161 429 2228 Menaechm.
445 2161 503 2240 ΙΙΙ,
523 2167 548 2242 l,
576 2169 607 2225 l:
629 2165 703 2224 Plus
725 2165 850 2238 triqr‘rrio
874 2173 961 2224 natus
984 2165 1073 2226 arras
1095 2181 1150 2240 ego
1167 2182 1240 2226 sum.
1265 2160 1337 2224 nul.
1351 2160 1389 2240 V,

231 2279 260 2326 v.
285 2265 318 2324 2:
342 2263 407 2336 quis
431 2269 479 2321 est
500 2278 545 2320 me
567 2261 677 2320 ditior?
699 2259 815 2324 Pseud.
838 2259 864 2339 Ι,
889 2265 917 2339 3,
945 2263 1018 2324 103:
1042 2263 1169 2322 Athenis
1191 2266 1217 2320 to
1240 2263 1279 2320 sit
1303 2278 1391 2320 nemo
1510 2257 1511 2266 ’

231 2361 363 2434 nequior.
391 2355 450 2435 ΙΙΙ,
479 2360 512 2436 2,
544 2361 599 2420 2οι
627 2377 674 2418 me
703 2376 788 2420 nemo
811 2366 911 2434 potest
938 2360 1069 2420 Minoris
1091 2361 1246 2434 quisquam
1269 2374 1389 2418 nummo

231 2466 264 2518 ut
286 2473 404 2531 surgam
429 2456 574 2531 subigere.
598 2452 714 2518 Pseud.
738 2470 767 2516 V.
792 2459 870 2518 938:
893 2456 998 2518 Minos
1021 2459 1061 2517 sit
1082 2457 1190 2518 nihilo:
1215 2472 1309 2531 neque
1335 2472 1390 2530 ego

232 2557 285 2614 lior
307 2554 422 2612 homino
450 2569 624 2628 quemquam
651 2553 712 2613 vidi
739 2555 835 2626 moris
865 2554 985 2612 molum.
1029 2550 1112 2616 Men.
1137 2571 1165 2615 v.
1190 2555 1268 2614 62οε
1306 2554 1390 2612 Nihil

233 2652 287 2712 iios
309 2650 521 2723 confidentiast.
544 2647 600 2726 IV,
617 2652 645 2725 2,
663 2651 702 2712 67
709 2667 716 2712 :
739 2651 821 2714 Nihil
844 2651 897 2710 iao
919 2651 1035 2712 irmino
1061 2651 1224 2712 ordoniust.
1247 2645 1343 2712 Most.
1361 2664 1391 2711 v,

235 2750 309 2811 150:
348 2749 410 2824 ouo
433 2765 529 2822 neque
551 2746 717 2808 industrior
747 2749 783 2808 de
807 2749 959 2810 iuventute
982 2755 1057 2811 erat.
1095 2745 1121 2824 Ι,
1146 2751 1173 2824 3,
1200 2749 1274 2809 122:
1313 2749 1391 2807 nihil

232 2847 288 2904 too
310 2845 395 2904 doeio
417 2843 549 2906 dootirst.
572 2840 633 2920 HI,
658 2848 688 2921 3,
712 2846 745 2905 6:
768 2846 834 2906 Non
858 2845 995 2920 equidem
1017 2847 1108 2905 ullam
1132 2846 1160 2904 in
1176 2846 1297 2920 publico
1321 2862 1390 2906 esse

231 2942 374 3002 maiorem
389 2941 446 3001 iao
467 2942 621 3002 existumo.
644 2937 682 3016 V,
709 2944 736 3016 l,
760 2943 814 3004 24:
837 2944 925 3002 Alter
947 2943 1000 3002 hoo
1015 2943 1142 3004 Athenis
1165 2958 1251 3004 nemo
1274 2942 1388 3002 doodor

233 3039 291 3098 diei
313 3045 423 3112 potest.
462 3035 548 3100 Pers,
572 3034 615 3115 Π,
638 3038 668 3113 2,
691 3039 749 3098 2οῑ
772 3040 879 3100 Nullus
911 3055 1006 3112 prmo
1029 3039 1082 3098 troo
1097 3040 1184 3113 peior
1207 3056 1274 3100 esse
1298 3040 1389 3100 hodie

231 3136 415 3211 perhibetur.
444 3131 534 3196 Pers
559 3131 614 3212 IV,
637 3139 667 3208 4,
694 3136 867 3196 1t:nu11us
890 3137 959 3196 leno
982 3140 1008 3194 ie
1030 3139 1108 3196 alter
1131 3138 1190 3195 erit
1213 3137 1388 3210 marmor.

233 3230 330 3296 Mero.
353 3229 380 3307 Ι,
411 3234 438 3307 1,
467 3233 543 3293 100:
582 3248 642 3306 quo
671 3231 793 3291 muliere
820 3234 880 3292 alia
905 3233 1017 3294 nullast
1040 3234 1183 3305 pulcrior.
1225 3230 1268 3309 Π,
1296 3237 1324 3310 3,
1357 3236 1389 3296 l:

232 3331 328 3389 Homo
350 3345 395 3386 me
416 3329 552 3387 miserior
574 3331 672 3390 nullus
701 3336 873 3402 asiaeque.
918 3327 974 3406 IV,
999 3333 1027 3408 3,
1054 3334 1085 3393 1:
1118 3331 1262 3390 Miserior
1282 3331 1391 3392 mulier

231 3442 277 3484 rna
299 3441 354 3487 neo
378 3422 433 3485 liet
455 3441 510 3484 neo
533 3425 597 3488 fuit.
644 3423 771 3490 Terent.
794 3423 909 3490 Heaut.
932 3424 957 3501 I,
984 3431 1011 3504 1,
1039 3430 1091 3489 ll:
1120 3444 1213 3488 annos
1235 3428 1391 3502 sexaginta

232 3530 319 3585 natus
342 3539 389 3598 es,
417 3522 478 3582 Aut
493 3522 564 3594 pios
586 3540 627 3590 eo,
650 3529 682 3584 ut
705 3524 830 3584 conicio.
868 3521 946 3588 Hes·
969 3520 1029 3601 ΙΙΙ,
1052 3527 1082 3600 4,
1107 3527 1139 3586 7;
1170 3525 1243 3584 Dies
1266 3525 1391 3598 triginta

233 3627 284 3682 aut
300 3618 372 3692 aaa
397 3635 429 3677 oo
451 3619 481 3677 in
503 3621 571 3678 navi
593 3619 644 3680 lui.
668 3618 765 3682 Andr.
788 3617 814 3697 I,
841 3624 868 3698 1,
891 3624 923 3684 4:
949 3622 1028 3696 Quid
1049 3627 1109 3694 est,
1139 3622 1225 3695 Quod
1246 3622 1302 3681 tibi
1323 3637 1390 3680 mea

233 3733 282 3778 ars
305 3716 426 3779 efficere
449 3715 503 3774 hoe
523 3718 619 3790 possit
642 3717 789 3790 amplios?
832 3716 913 3780 Eun.
935 3715 982 3795 II,
1013 3721 1047 3793 1,
1077 3720 1116 3780 20
1139 3733 1200 3795 sq:
1226 3719 1280 3779 ioo
1302 3735 1389 3780 nemo

233 3812 291 3886 fuit
313 3814 420 3877 Minus
441 3811 557 3884 ineptos
579 3813 683 3888 moris,
706 3831 825 3876 sororios
846 3816 1002 3890 quisquam
1031 3833 1087 3876 neo
1108 3817 1204 3890 morio
1226 3817 1386 3879 sardoas.

234 3911 280 3976 Ut
302 3906 568 3990 comparativum,
591 3907 637 3972 sic
664 3909 761 3974 etiam
785 3909 937 3974 adverbia
965 3909 1214 3990 comparationis
1244 3930 1336 3988 oeque
1358 3921 1389 3973 et

234 4008 368 4082 adoeqm
390 4005 535 4086 sequitur
557 4003 723 4072 ablativus.
748 4006 800 4072 Sic
815 4005 920 4073 Plaut.
942 4006 1054 4088 Amph.
1070 4007 1096 4087 l,
1115 4013 1143 4087 1,
1170 4011 1244 4074 142:
1278 4013 1390 4072 nullust

242 4269 244 4273 ,
302 4210 337 4274 V)
358 4211 402 4266 Sic
419 4213 499 4271 Both.
519 4218 563 4284 Ag
581 4229 670 4283 quom.
690 4215 780 4286 Vulgo
795 4221 951 4287 romaum.
