3064 4754
461 256 549 298 ossus
564 257 831 301 sunsnnsrnvoame
845 277 870 290 -·
883 249 1023 304 noousnn.
1266 270 1329 334 Μ

169 449 239 509 pann
261 439 450 497 domuerant.
497 429 614 498 anoil.
637 429 716 500 stet
741 430 921 513 Spmephebi
943 429 980 498 le.
1009 437 1035 511 1,
1058 450 1087 498 ι.
1111 436 1192 500 200:
1213 437 1330 502 Paren-

171 537 232 598 tem
257 561 295 576 -
317 533 352 590 ia
374 531 481 591 uberes
502 527 676 594 Diffioilem.
721 528 849 594 Terent.
871 529 989 596 Heaut.
1011 528 1072 612 111,
1104 537 1130 609 l,
1159 534 1217 594 28:
1252 534 1330 606 Quin

153 645 311 704 pessume
332 630 411 689 istue
441 629 475 688 ia
497 633 524 688 te
545 634 634 704 atque
656 628 690 686 ia
709 627 797 688 edane
818 631 959 692 consulis.
1003 625 1130 696 Phorm.
1151 626 1195 706 11,
1220 633 1250 707 3,
1273 633 1329 696 23:

169 742 327 801 numquam
351 731 412 788 lam
435 727 533 801 gravis
554 727 598 786 Ob
620 725 698 786 hano
719 726 892 788 inimicitias
915 741 1054 802 caperem
1076 727 1109 788 io
1130 732 1261 792 eoadem
1282 727 1329 799 so-

168 823 291 885 oniltom.
315 820 396 886 Eun.
412 819 450 900 V,
466 827 498 898 4,
514 825 571 886 20:
594 823 636 884 Ut
659 838 696 882 ne
719 824 830 898 inpune
851 823 887 884 io
905 839 960 888 eos
981 825 1131 892 inlusoris.
1148 855 1187 870 -
1212 827 1241 888 o.
1265 819 1329 888 Sed

171 918 268 983 etiam
291 918 412 984 amiens
434 923 468 984 et
483 916 657 984 benevolus
672 917 834 984 'adversus
852 935 922 986 ram
943 923 1002 986 ant
1022 917 1181 986 hominem
1202 919 1328 987 enimus

171 1015 410 1095 praepositione
432 1019 466 1077 ln
488 1012 662 1096 significari
684 1019 806 1095 potest,
829 1015 876 1082 ita
897 1022 934 1083 ut
955 1017 1041 1082 idem
1063 1017 1105 1082 sit
1126 1022 1223 1098 etque
1246 1037 1325 1093 erne

166 1110 270 1177 Plaut.
293 1112 387 1182 Most
403 1130 432 1176 v.
451 1117 528 1179 239:
551 1115 583 1176 Si
599 1116 668 1190 quid
684 1122 716 1175 tu
730 1116 764 1176 io
780 1116 868 1178 illum
882 1117 958 1178 beno
973 1118 1162 1192 rolesloqui.
1198 1115 1327 1181 Terent.

168 1208 247 1276 Hee.
271 1209 330 1290 III,
355 1216 384 1289 b,
409 1214 465 1274 22:
501 1229 589 1290 quam
611 1213 694 1276 fideli
719 1214 817 1274 animo
840 1219 871 1276 et
892 1215 1020 1290 benigno
1047 1213 1187 1277 inillam
1213 1224 1244 1276 at
1265 1218 1327 1279 ele·

168 1311 264 1372 menti
286 1308 344 1370 lui!
369 1341 406 1352 -
432 1310 460 1371 6.
483 1306 705 1388 Metephoriee
724 1307 942 1389 accipiendum
963 1314 1013 1378 est
1030 1312 1065 1372 ia
1082 1329 1146 1374 rem
1163 1316 1213 1380 eat,
1235 1309 1327 1390 quasi

169 1404 203 1469 in
226 1423 294 1470 rem
316 1405 456 1486 aliquam
478 1405 587 1485 intrat,
611 1409 648 1470 ut
669 1421 740 1472 eam
761 1405 893 1472 aduret
913 1406 1116 1490 (Kempmn.
1131 1408 1191 1483 15).
1219 1406 1324 1470 Pleut.

164 1501 254 1566 Pers.
277 1502 336 1582 III,
362 1507 389 1581 l,
416 1507 469 1568 14:
492 1506 526 1564 io
547 1506 660 1569 ventris
683 1521 746 1570 rem
768 1505 925 1566 ridebitur.
971 1503 1026 1583 Ill,
1047 1510 1078 1583 4,
1103 1508 1157 1570 58:
1179 1508 1259 1580 ege,
1292 1511 1326 1568 ut

166 1618 231 1662 rem
254 1618 321 1664 esse
343 1602 377 1660 in
397 1606 531 1664 matrem
559 1608 658 1677 putas
702 1598 801 1667 Mero.
822 1600 848 1680 I,
875 1607 902 1681 1,
926 1605 980 1671 36:
1014 1621 1089 1680 quae
1115 1604 1149 1662 io
1175 1617 1238 1664 rem
1265 1604 1326 1664 sint

34 1681 37 1695 ’
165 1714 261 1760 soom
299 1694 390 1777 Gept.
414 1696 457 1776 H,
481 1702 510 1776 3,
533 1701 589 1762 26:
613 1699 699 1772 Quod
719 1700 753 1758 ie
774 1714 837 1759 rem
861 1701 945 1762 reete
967 1702 1116 1762 eondueat
1137 1704 1228 1762 mom.
1265 1697 1325 1764 Te·

165 1797 246 1858 rent.
271 1793 369 1860 Andr.
393 1794 454 1874 III,
477 1801 506 1873 3,
534 1801 589 1858 14:
623 1796 654 1856 Si
675 1797 709 1854 ie
729 1804 822 1860 ronst
844 1800 978 1874 utrique,
1008 1794 1039 1863 h.
1063 1813 1089 1862 e.
1113 1796 1141 1860 si
1163 1794 1241 1860 utile
1265 1798 1324 1876 est,

166 1889 208 1954 ed
231 1907 261 1970 q.
284 1890 305 1957 l.
329 1889 424 1958 affert
446 1890 656 1958 Ruhnkenius
678 1891 754 1956 Hee.
778 1892 821 1974 II,
846 1897 875 1973 2,
899 1899 934 1958 l:
966 1897 1060 1972 magis
1081 1896 1115 1954 to
1136 1911 1199 1954 roeo
1221 1899 1253 1954 ot
1275 1910 1324 1957 oe-

169 1995 266 2052 stram
288 1999 320 2052 at
342 1995 473 2053 oosbom
496 1999 585 2054 esset
608 2021 648 2034 -
679 1994 707 2052 7.
730 1987 843 2056 Potest
861 1990 982 2071 aliquid
1002 1990 1124 2060 intrare
1146 1989 1177 2057 in
1201 1988 1324 2071 copiam

168 2090 202 2150 et
224 2085 462 2157 multitudinem
484 2087 623 2168 aliquem
646 2103 754 2150 rerum
773 2086 827 2152 vel
844 2086 1007 2153 hominum
1025 2087 1073 2152 ite
1093 2098 1129 2155 nt
1147 2089 1182 2148 io
1201 2085 1324 2152 habeat

168 2180 433 2264 significationem
463 2182 710 2250 distributivam.
756 2182 837 2248 Ceto
865 2183 903 2251 R.
925 2184 962 2250 R
994 2203 1020 2250 o.
1045 2189 1098 2250 57:
1131 2187 1166 2248 ia
1191 2185 1324 2259 anteana

165 2283 298 2344 nomines
314 2287 444 2360 congios.
467 2282 528 2348 lb.:
553 2283 673 2356 Summa
686 2285 749 2345 rini
761 2284 795 2345 a‘e
810 2285 942 2346 hominos
962 2285 1095 2358 emona
1117 2286 1191 2348 cett
1216 2279 1251 2344 C.
1267 2283 1322 2353 60:

163 2380 266 2441 Bubus
289 2382 403 2442 eiberia
424 2399 522 2444 annua
542 2382 577 2439 ln
596 2379 669 2455 iope
689 2381 810 2454 alneolo
830 2382 925 2456 lupini
940 2381 1053 2444 modios
1070 2382 1160 2444 CXX.
1196 2378 1323 2446 c.115:

163 2479 198 2538 In
215 2479 312 2538 vinum
326 2485 453 2540 mustum
470 2481 581 2540 veratri
596 2479 655 2538 atri
670 2480 851 2552 meniptdum
868 2480 1009 2540 eoniieito
1022 2480 1057 2538 in
1073 2481 1256 2551 amphoram.
1286 2474 1320 2541 O.

164 2577 192 2638 3.
222 2570 340 2638 G.140.
365 2572 399 2639 O.
418 2580 470 2642 14:
493 2575 536 2634 In
558 2575 671 2647 tepulae
692 2576 827 2650 mapulas
848 2577 887 2636 ll.
910 2578 942 2635 in
964 2581 1085 2640 tentum.
1106 2573 1169 2640 Ib.:
1191 2577 1321 2652 pretium

163 2672 197 2732 ia
212 2672 324 2744 boelus
338 2673 471 2746 modulos
484 2674 520 2734 N.
538 2673 567 2732 S.
598 2668 661 2734 Ib.:
682 2673 713 2732 in
737 2673 803 2732 aliis
827 2681 899 2748 quot
921 2680 1017 2746 erunt,
1039 2675 1073 2732 in
1094 2673 1228 2748 sinentes
1250 2691 1321 2749 qus·

163 2778 268 2832 ternae
291 2770 534 2830 numerabuntur.
581 2765 614 2832 C.
641 2772 696 2832 15:
719 2770 857 2830 Parietes
881 2769 970 2830 villae
994 2772 1019 2829 si
1042 2772 1123 2830 locet
1147 2799 1185 2812 -
1210 2771 1319 2832 libellis

161 2870 196 2928 ia
217 2868 305 2943 pedes
331 2868 364 2929 V.
409 2863 513 2931 Pleut.
538 2865 610 2930 Aul.
632 2863 658 2943 I,
682 2869 711 2942 2,
736 2868 792 2928 30:
813 2866 955 2928 Dividere
978 2870 1096 2942 argenti
1118 2883 1222 2928 numos
1245 2867 1320 2926 dixit

162 2967 197 3025 le
211 2966 299 3032 eires,
321 2961 352 3025 h.
369 2979 396 3026 e.
413 2962 543 3042 viritim,
558 2957 623 3026 κατ’
640 2957 748 3043 ἄνδρα,
767 2965 804 3024 ut
820 2961 957 3041 explieat
972 2962 1207 3028 Teubmennus.
1231 2963 1318 3028 Asin.

160 3060 198 3140 V,
223 3065 251 3140 2,
276 3061 331 3124 66:
358 3061 391 3120 io
406 3064 527 3135 portem
549 3063 606 3125 hee
629 3062 743 3122 amanti
765 3066 797 3119 ut
819 3063 911 3121 lineat
933 3063 962 3120 ei
983 3063 1119 3136 potirier.
1147 3093 1189 3102 -
1220 3063 1249 3125 8.
1278 3061 1320 3120 Ia

163 3154 324 3240 significat
338 3156 466 3228 extendi
481 3156 602 3236 aliquid
621 3161 655 3222 et
669 3155 791 3238 porrigi
808 3155 901 3234 quasi
915 3155 948 3220 in
964 3157 1068 3236 spatio
1087 3157 1204 3236 aliquo.
1239 3154 1318 3222 Cato

159 3256 197 3321 R.
219 3255 257 3320 R.
281 3272 307 3320 e.
331 3260 365 3319 6:
399 3259 465 3318 Hoe
495 3274 589 3332 genus
619 3259 704 3317 oleae
732 3257 767 3313 in
788 3255 881 3316 XXV
900 3263 951 3316 ant
972 3256 1007 3314 in
1027 3254 1121 3314 XXX
1135 3255 1226 3330 pedes
1248 3273 1317 3316 eon·

161 3357 263 3418 serito.
289 3350 322 3417 0.
341 3357 396 3417 lo:
417 3354 554 3414 Parietes
576 3357 665 3414 villee
689 3355 715 3414 si
735 3354 815 3414 loeet
836 3354 870 3410 ire
879 3353 968 3426 pedes
992 3352 1023 3420 O,
1045 3354 1064 3414 i.
1089 3370 1115 3414 e.
1138 3355 1171 3414 P.
1193 3356 1223 3414 X
1245 3371 1318 3430 quo-

160 3470 347 3528 quoversum.
369 3481 412 3496 «-
436 3453 464 3516 9.
487 3451 529 3510 Ie
544 3447 709 3513 consilium
723 3452 758 3513 et
772 3445 868 3512 finem
882 3447 1015 3514 aelionis
1031 3447 1196 3512 cuiusdam
1212 3446 1317 3528 expri-

162 3547 220 3611 mit
243 3553 301 3614 aut
323 3546 527 3627 coniungitur
554 3563 625 3617 eum
649 3564 698 3624 re,
734 3545 785 3610 eui
813 3544 934 3625 aliquid
959 3543 1154 3622 destinatum
1176 3550 1233 3610 est.
1278 3545 1317 3610 In

159 3643 209 3710 bis
231 3663 289 3710 nos
311 3644 500 3725 plerumque
522 3643 761 3725 praepositione
784 3639 846 3721 leit
868 3641 998 3706 utimur.
1023 3640 1103 3707 (lato
1117 3641 1204 3706 RB.
1221 3661 1247 3708 e.
1263 3647 1316 3724 39,

159 3745 193 3808 2:
229 3762 286 3818 per
306 3746 432 3809 imbrem
452 3745 486 3803 in
506 3744 611 3807 vllem
632 3743 769 3817 quaerito
793 3742 863 3816 qnid
885 3741 951 3801 fieri
973 3743 1085 3819 possit,
1117 3738 1173 3804 ubi
1194 3739 1316 3804 inutilis

159 3842 212 3904 est
232 3839 397 3904 adnotatio
420 3837 621 3906 Schneideri:
646 3835 704 3916 „In
726 3835 797 3902 edd.
821 3835 1011 3916 qmbusdam
1032 3853 1102 3902 esse
1121 3837 1155 3897 ie
1173 3837 1246 3900 ele
1259 3855 1315 3902 an·

156 3936 281 4002 notavit
302 3936 526 4018 danunvitque
544 3933 719 4012 Menenius,
742 3934 798 4012 qni
819 3932 928 3998 moltis
951 3932 1103 4013 exemplis
1127 3951 1220 3998 nsum
1241 3951 1315 4016 prn-

156 4031 311 4098 miscuum
334 4033 507 4101 accusativi
530 4039 564 4098 et
583 4031 714 4108 ablativi
735 4031 837 4099 iuneti
856 4029 1087 4112 praepositioni
1107 4028 1180 4094 hine
1200 4028 1315 4096 confir-

155 4146 244 4194 mare
268 4135 401 4198 conatus
433 4135 484 4196 est
505 4148 577 4199 eum
600 4128 752 4210 Popme.“
798 4126 931 4194 0107:
963 4136 995 4190 et
1022 4129 1147 4190 oblinito
1177 4137 1209 4191 et
1237 4133 1313 4192 ntitn

156 4228 189 4288 io
211 4228 298 4291 labro
320 4229 473 4292 doliorum.
520 4226 554 4294 Ο.
579 4232 635 4294 96;
669 4230 784 4293 Eodem
811 4229 844 4288 io
866 4244 966 4300 omues
992 4226 1197 4304 quadrupedes
1226 4229 1312 4302 etita,

562 4527 573 4564 ἱ
