3004 4764
202 221 265 282 344
586 210 745 252 wasnaum
757 209 915 252 arenam.
930 210 993 252 ΟΩ.
1007 211 1033 251 V.

201 399 331 452 emaum
355 387 512 450 tractatae
535 384 615 465 sint,
642 387 768 452 restant
794 401 916 466 paucae
945 387 1069 450 tantmn
1097 399 1168 448 cum
1197 383 1259 450 abl.
1281 385 1361 450 inu-

201 486 282 560 ctae,
304 498 438 562 quarum
461 500 538 548 usus
561 483 789 562 constituatur,
821 481 861 547 de
891 481 1005 561 quibus
1033 497 1223 562 quamquam
1253 483 1356 548 etiam

202 579 267 646 illic
287 597 383 660 agere
407 579 559 655 licuisset,
582 584 727 662 praestat
749 585 857 646 tamen
879 595 934 644 eas
956 578 1129 660 separatim
1151 596 1355 656 enumerare,

203 677 349 758 quoniam
380 676 474 740 iniis
496 695 558 742 non
582 683 647 742 tam
676 677 761 744 clare
785 683 818 743 ct
841 681 929 742 certo
951 681 1099 757 apparet,
1127 675 1272 757 adquae
1293 697 1355 758 po-

201 774 358 842 tissimum
373 793 466 840 casus
490 793 610 856 genera
625 776 768 858 singulae
783 777 847 842 sint
865 774 1061 852 referendae,
1083 773 1143 839 hoc
1157 779 1266 838 autem
1280 774 1351 840 loco

201 877 304 936 totum
332 889 440 937 earum
470 891 562 939 usum
592 874 684 953 quasi
711 874 743 938 in
771 892 834 938 una
863 872 975 938 tabula
1000 872 1139 952 positum
1167 873 1352 953 perspicere

200 969 385 1051 pateamus.
430 968 511 1034 Sunt
532 959 640 1036 atatem
662 971 723 1036 hae
743 976 913 1051 quattuor:
937 975 1053 1046 absque,
1076 973 1148 1049 abac,
1165 989 1259 1045 prae,
1281 989 1349 1046 pro.

286 1067 406 1144 Absque
423 1069 633 1149 praepositio,
670 1087 765 1150 quam
788 1089 826 1133 ex
860 1072 912 1132 abs
943 1069 1096 1150 originem
1126 1066 1242 1132 ducere
1272 1073 1353 1147 puto

202 1164 324 1231 adnexa
346 1165 493 1230 enclitica
514 1186 585 1246 quc,
618 1184 699 1248 quae
722 1185 817 1247 saepe
839 1167 878 1230 ad
901 1183 983 1230 nova
1004 1165 1171 1230 formanda
1197 1164 1353 1230 vocabula

202 1261 273 1332 aliis
296 1262 427 1328 vocibus
449 1264 575 1329 adnecti
597 1265 687 1349 solet,
704 1269 753 1342 (ut
774 1269 905 1341 quisque,
925 1267 1042 1344 cibique,
1065 1265 1172 1342 utqqe),
1196 1260 1351 1343 significa-

203 1359 321 1424 tionem
334 1359 441 1426 :habct
464 1361 647 1443 separandi,
670 1362 871 1442 removendi,
894 1381 975 1442 quaa
998 1378 1095 1440 quum
1122 1361 1219 1424 etiam
1240 1360 1272 1423 in
1294 1360 1354 1424 aba

203 1474 312 1538 praep.
342 1458 446 1523 inesse
484 1460 599 1541 possit,
628 1465 736 1537 absque
763 1460 842 1524 nihil
871 1460 958 1525 aliud
988 1466 1039 1524 cst
1067 1459 1129 1523 nisi
1156 1457 1270 1522 fortius
1298 1477 1354 1521 ax-

204 1571 350 1636 prcssum
373 1561 406 1620 et
427 1557 529 1638 magis
558 1559 716 1624 intensum
747 1564 800 1621 aba
822 1559 898 1637 ista,
931 1576 994 1638 qua
1016 1556 1093 1637 dixi,
1122 1552 1350 1636 significatione

202 1653 350 1733 positum.
395 1653 514 1719 Notum
538 1663 588 1720 est
609 1661 716 1720 autem
738 1657 821 1722 hanc
843 1655 1109 1736 praepositionem
1132 1655 1352 1718 tantummodo

203 1749 290 1831 apud
317 1752 454 1817 comicos
490 1757 524 1818 at
554 1754 641 1834 apud
669 1758 844 1834 argenteae
874 1753 988 1818 aetatis
1011 1752 1183 1831 scriptores
1206 1752 1353 1832 inveniri,

204 1852 237 1912 et
259 1850 343 1927 apud
366 1851 503 1915 comicos
528 1851 655 1931 quidem
671 1869 832 1930 nunquam
849 1850 909 1914 nisi
924 1851 957 1914 in
973 1849 1236 1916 conditionalibus
1252 1867 1350 1914 enun-

204 1948 410 2025 ciationibus,
433 1947 518 2028 apud
539 1948 734 2028 posteriores
757 1952 864 2013 autem
888 1949 1014 2012 demum
1037 1966 1094 2030 pro
1114 1954 1233 2023 praeter
1258 1966 1350 2011 usur·

203 2045 283 2126 pari.
304 2043 458 2124 Exempla
479 2043 558 2109 haec
580 2050 662 2109 sunt.
706 2045 809 2109 Plaut.
832 2046 916 2111 Men.
939 2045 977 2125 V,
1000 2052 1028 2124 7,
1052 2051 1106 2111 33:
1141 2049 1217 2108 Nam
1240 2049 1352 2122 absque

204 2147 254 2208 ted
278 2151 367 2216 esset,
390 2159 546 2218 numquam
569 2144 656 2206 hodie
680 2147 717 2206 ad
738 2146 831 2206 solem
852 2163 988 2205 occasum
1008 2147 1146 2206 viverem.
1184 2141 1276 2223 Capt.
1291 2142 1353 2221 III,

206 2246 235 2320 5,
259 2244 314 2305 96:
340 2242 423 2316 Quod
446 2259 557 2317 apsque
579 2243 636 2304 hoc
660 2249 748 2318 assat,
772 2244 823 2319 qui
844 2245 917 2303 mihi
939 2245 995 2304 hoc
1018 2243 1091 2302 fecit
1112 2246 1227 2319 palam,
1251 2245 1351 2318 Usque

203 2343 379 2403 offrenatum
403 2342 463 2400 suis
485 2357 532 2400 me
555 2341 715 2402 ductarent
734 2343 818 2403 dolis.
863 2339 978 2404 Bacch.
1001 2337 1060 2415 III,
1077 2343 1106 2418 3,
1129 2343 1161 2404 8:
1184 2344 1260 2401 Nam
1283 2359 1351 2415 aps-

204 2447 301 2516 quate
326 2445 415 2512 esset,
439 2457 493 2514 ego
515 2440 597 2499 illum
612 2441 754 2501 haberem
777 2447 891 2500 rectum
913 2441 951 2501 ad
962 2441 1112 2516 ingenium
1123 2442 1240 2501 bonum.
1264 2437 1352 2501 Trin.

203 2534 242 2614 V,
265 2540 294 2609 2,
319 2541 349 2598 3:
383 2539 459 2596 Nam
482 2538 735 2598 exaedificavisset
758 2557 804 2598 ma
832 2557 869 2598 ex
890 2539 972 2599 hisce
995 2539 1134 2612 aedibus,
1158 2557 1268 2613 apsque
1296 2535 1354 2608 (sic

205 2631 411 2714 Ritschelius)
434 2643 463 2694 te
487 2634 575 2696 foret.
618 2632 673 2711 IV,
699 2639 726 2715 l,
752 2640 806 2700 13:
843 2655 910 2697 nam
934 2654 1045 2712 apsque
1069 2634 1126 2706 (sic
1147 2634 1263 2698 iterum
1284 2633 1354 2698 Rit-

205 2731 353 2806 schclius)
377 2732 456 2794 foret
478 2740 526 2810 te,
563 2740 610 2794 sat
636 2736 698 2796 scio
725 2737 756 2794 in
784 2737 845 2796 alto
874 2735 1102 2795 Distraxisscut
1144 2731 1232 2795 Pers.
1261 2730 1299 2809 V,
1323 2736 1354 2808 2,

207 2834 247 2893 55
271 2846 331 2908 sq.:
360 2849 427 2892 nam
450 2832 552 2891 hercle
576 2832 686 2906 absque
715 2849 761 2892 me
784 2833 878 2893 Forat
907 2839 938 2892 et
960 2850 1026 2893 meo
1048 2832 1212 2906 praesidio,
1240 2831 1288 2890 hic
1309 2829 1353 2890 ta·

209 2935 291 2990 cerat
314 2934 343 2987 te
366 2930 553 3003 prostibilem
576 2930 759 3004 propediem.
794 2927 923 2993 Terent.
946 2927 1024 2992 Hec.
1048 2927 1103 3006 IV,
1127 2931 1157 3006 2,
1180 2931 1234 2991 25:
1259 2931 1354 3002 Quam

208 3026 376 3086 fortunatus
399 3028 508 3088 ceteris
537 3045 601 3088 sum
622 3028 726 3101 rebus,
751 3029 859 3102 absque
885 3045 947 3090 aaa
970 3030 1026 3088 bac
1047 3026 1135 3090 toret.
1178 3025 1305 3089 Phorm.
1327 3023 1354 3100 I,

207 3128 238 3204 4,
263 3127 316 3187 11:
340 3126 415 3185 Nam
438 3125 548 3200 absque
572 3142 607 3186 eo
630 3131 720 3198 esset,
743 3127 836 3186 Recte
861 3145 915 3203 ego
940 3127 1013 3184 mihi
1034 3126 1182 3187 vidissem.

294 3226 322 3284 3.
368 3220 448 3298 Sine,
471 3220 664 3286 contrarium
686 3239 795 3302 praep.
821 3241 904 3301 cam,
932 3221 1017 3286 idem
1039 3221 1123 3300 quod
1144 3221 1177 3284 in
1199 3219 1356 3300 composi·

172 3343 173 3346 ¹
208 3318 294 3384 tione
318 3316 364 3397 (in
386 3321 497 3382 vetere
519 3335 664 3382 sermone
688 3319 783 3384 etiam
807 3328 896 3384 extra
919 3318 1004 3400 eam)
1023 3339 1053 3382 ae
1074 3318 1200 3397 dicitur,
1222 3317 1352 3398 proprie

205 3416 457 3496 separationem,
495 3414 609 3481 deinde
637 3417 670 3480 in
696 3416 879 3483 universum
909 3417 1087 3482 absentiam
1115 3416 1166 3482 rei
1194 3415 1353 3496 exprimit.

205 3513 311 3596 Leges
331 3512 395 3578 XII
417 3513 502 3578 tabb.
525 3512 582 3594 XI,
604 3511 642 3578 fr.
666 3521 701 3580 9:
736 3535 767 3578 se
788 3515 830 3592 (h.
855 3535 882 3580 e.
906 3515 987 3590 sine)
1010 3516 1115 3578 fraude
1137 3522 1212 3578 esto.
1255 3514 1354 3580 Naar.

205 3611 343 3695 Lycurg.
366 3610 402 3675 ir.
429 3617 484 3676 19:
508 3615 571 3674 siue
596 3621 721 3678 terrore.
759 3612 837 3680 Cato
860 3612 897 3679 R.
919 3612 956 3678 R.
980 3631 1005 3678 c.
1030 3617 1084 3678 31:
1106 3616 1169 3675 sino
1192 3619 1280 3674 vento
1303 3631 1357 3674 au·

207 3719 281 3778 atro.
306 3729 331 3775 e.
354 3716 429 3774 157:
454 3729 583 3786 sanaque
606 3711 699 3774 faciet
722 3715 785 3776 sine
809 3715 921 3776 dolore.
945 3711 1007 3777 Ib.:
1033 3715 1095 3776 edit
1119 3743 1155 3758 -
1181 3715 1244 3774 sina
1267 3728 1357 3786 pane.

205 3807 269 3874 la:
304 3812 368 3872 aine
393 3810 536 3885 periculo.
579 3806 681 3874 Plaut.
705 3808 799 3876 Most.
823 3809 865 3881 ΙΙ,
892 3815 918 3888 1,
940 3814 993 3874 67;
1019 3813 1083 3874 sina
1108 3814 1195 3872 molo.
1240 3806 1356 3886 Amph.

205 3906 401 3986 11‚n,111:
446 3909 558 3968 lterum
583 3911 642 3970 iam
671 3911 720 3970 hie
749 3910 781 3970 iu
807 3928 854 3970 ma
877 3906 1078 3989 ,inclementer
1107 3911 1180 3972 dicit
1209 3916 1297 3982 atquo
1326 3907 1357 3966 id

209 4009 274 4069 ciac
299 4008 397 4085 mab,
428 4003 514 4083 quod
539 4003 650 4070 Lamb.
674 4005 814 4086 explicat
840 4024 904 4087 per,
922 4009 1043 4083 tmpaae
1068 4004 1279 4084 (contrarium
1307 4007 1358 4068 est

212 4103 299 4169 Asin.
323 4101 349 4181 Ι,
373 4105 729 4182 aemularentur).
774 4102 872 4170 Marc.
896 4121 924 4170 v.
948 4109 1004 4170 22:
1047 4107 1112 4168 Nec
1140 4109 1192 4182 pol
1218 4101 1356 4182 proiecto

206 4203 363 4282 quisquam
384 4203 448 4264 eirea
467 4203 577 4276 prande·
599 4203 678 4264 malo
699 4205 885 4266 -studuit
928 4201 1027 4268 llere.
1054 4200 1085 4280 Ι,
1113 4206 1147 4280 2,
1174 4207 1231 4270 35:
1280 4201 1359 4278 quod
