<?xml version="1.0" encoding="UTF-8"?>
<!DOCTYPE html PUBLIC "-//W3C//DTD XHTML 1.0 Transitional//EN"
    "http://www.w3.org/TR/xhtml1/DTD/xhtml1-transitional.dtd">
<html xmlns="http://www.w3.org/1999/xhtml" xml:lang="en" lang="en">
 <head>
  <title>
</title>
<meta http-equiv="Content-Type" content="text/html;charset=utf-8" />
  <meta name='ocr-system' content='tesseract 3.04.00' />
  <meta name='ocr-capabilities' content='ocr_page ocr_carea ocr_par ocr_line ocrx_word'/>
</head>
<body>
  <div class='ocr_page' id='page_1' title='image "./syntaxispriscor01holtgoog_0039.png"; bbox 0 0 3040 4758; ppageno 0'>
   <div class='ocr_carea' id='block_1_1' title="bbox 196 273 927 345">
    <p class='ocr_par' dir='ltr' id='par_1_1' title="bbox 196 273 927 345">
     <span class='ocr_line' id='line_1_1' title="bbox 196 273 927 345; baseline -0.026 -12"><span class='ocrx_word' id='word_1_1' title='bbox 196 287 243 345; x_wconf 66' lang='grc' dir='ltr'><strong>Ἠ</strong></span> <span class='ocrx_word' id='word_1_2' title='bbox 630 273 787 316; x_wconf 71' lang='grc' dir='ltr'>θΰΒθΙἎΙΙΤ.</span> <span class='ocrx_word' id='word_1_3' title='bbox 809 275 871 316; x_wconf 75' lang='grc' dir='ltr'>ΟΑΡ.</span> <span class='ocrx_word' id='word_1_4' title='bbox 884 274 927 314; x_wconf 86' lang='grc' dir='ltr'>ΙΙΙ.</span> 
     </span>
    </p>
   </div>
   <div class='ocr_carea' id='block_1_2' title="bbox 191 419 1360 818">
    <p class='ocr_par' dir='ltr' id='par_1_2' title="bbox 191 419 1360 818">
     <span class='ocr_line' id='line_1_2' title="bbox 201 419 1359 529; baseline -0.009 -13"><span class='ocrx_word' id='word_1_5' title='bbox 201 457 231 528; x_wconf 89' lang='lat' dir='ltr'>a,</span> <span class='ocrx_word' id='word_1_6' title='bbox 256 456 310 514; x_wconf 69' lang='grc' dir='ltr'>ιιι</span> <span class='ocrx_word' id='word_1_7' title='bbox 334 452 411 524; x_wconf 64' lang='lat' dir='ltr'>nme</span> <span class='ocrx_word' id='word_1_8' title='bbox 425 449 592 521; x_wconf 70' lang='lat' dir='ltr'>resersus.</span> <span class='ocrx_word' id='word_1_9' title='bbox 632 419 692 529; x_wconf 84' lang='lat' dir='ltr'>lv,</span> <span class='ocrx_word' id='word_1_10' title='bbox 717 455 745 528; x_wconf 83' lang='lat' dir='ltr'>s,</span> <span class='ocrx_word' id='word_1_11' title='bbox 769 455 823 515; x_wconf 87' lang='lat' dir='ltr'>os:</span> <span class='ocrx_word' id='word_1_12' title='bbox 847 449 1049 526; x_wconf 69' lang='lat' dir='ltr'>mesquitam</span> <span class='ocrx_word' id='word_1_13' title='bbox 1065 449 1138 508; x_wconf 84' lang='lat' dir='ltr'>nihil</span> <span class='ocrx_word' id='word_1_14' title='bbox 1160 449 1235 508; x_wconf 76' lang='lat' dir='ltr'>aem</span> <span class='ocrx_word' id='word_1_15' title='bbox 1254 448 1359 519; x_wconf 73' lang='lat' dir='ltr'>refers.</span> 
     </span>
     <span class='ocr_line' id='line_1_3' title="bbox 191 545 1359 623; baseline -0.008 -11"><span class='ocrx_word' id='word_1_16' title='bbox 191 548 329 612; x_wconf 79' lang='lat' dir='ltr'>&#39;Terent</span> <span class='ocrx_word' id='word_1_17' title='bbox 353 545 430 610; x_wconf 88' lang='lat' dir='ltr'>Hec.</span> <span class='ocrx_word' id='word_1_18' title='bbox 448 545 484 620; x_wconf 89' lang='lat' dir='ltr'>V,</span> <span class='ocrx_word' id='word_1_19' title='bbox 509 550 537 623; x_wconf 87' lang='lat'>3,</span> <span class='ocrx_word' id='word_1_20' title='bbox 565 552 618 611; x_wconf 82' lang='lat'>12:</span> <span class='ocrx_word' id='word_1_21' title='bbox 642 551 706 610; x_wconf 86' lang='lat' dir='ltr'>Tua</span> <span class='ocrx_word' id='word_1_22' title='bbox 728 549 805 622; x_wconf 78' lang='lat' dir='ltr'>qood</span> <span class='ocrx_word' id='word_1_23' title='bbox 828 551 869 610; x_wconf 89' lang='lat' dir='ltr'>nil</span> <span class='ocrx_word' id='word_1_24' title='bbox 890 565 923 607; x_wconf 84' lang='lat' dir='ltr'>re</span> <span class='ocrx_word' id='word_1_25' title='bbox 945 548 1012 619; x_wconf 78' lang='lat' dir='ltr'>fert,</span> <span class='ocrx_word' id='word_1_26' title='bbox 1033 547 1205 622; x_wconf 84' lang='lat' dir='ltr'>percontari</span> <span class='ocrx_word' id='word_1_27' title='bbox 1228 546 1359 605; x_wconf 78' lang='lat' dir='ltr'><strong>desinas.</strong></span> 
     </span>
     <span class='ocr_line' id='line_1_4' title="bbox 201 640 1360 722; baseline -0.006 -15"><span class='ocrx_word' id='word_1_28' title='bbox 201 643 328 708; x_wconf 86' lang='lat' dir='ltr'>Phorm.</span> <span class='ocrx_word' id='word_1_29' title='bbox 341 643 395 722; x_wconf 93' lang='lat' dir='ltr'>lV,</span> <span class='ocrx_word' id='word_1_30' title='bbox 419 647 448 720; x_wconf 84' lang='lat'>5,</span> <span class='ocrx_word' id='word_1_31' title='bbox 474 647 526 706; x_wconf 92' lang='lat' dir='ltr'>ll:</span> <span class='ocrx_word' id='word_1_32' title='bbox 552 647 630 719; x_wconf 78' lang='lat' dir='ltr'>Quia</span> <span class='ocrx_word' id='word_1_33' title='bbox 652 654 703 707; x_wconf 89' lang='lat' dir='ltr'>tua</span> <span class='ocrx_word' id='word_1_34' title='bbox 725 649 833 706; x_wconf 87' lang='lat' dir='ltr'>malam</span> <span class='ocrx_word' id='word_1_35' title='bbox 849 646 883 704; x_wconf 83' lang='lat' dir='ltr'>id</span> <span class='ocrx_word' id='word_1_36' title='bbox 895 661 929 704; x_wconf 84' lang='lat' dir='ltr'>re</span> <span class='ocrx_word' id='word_1_37' title='bbox 943 645 1022 716; x_wconf 79' lang='lat' dir='ltr'>fert?</span> <span class='ocrx_word' id='word_1_38' title='bbox 1055 640 1190 719; x_wconf 85' lang='lat' dir='ltr'><strong>Adelph.</strong></span> <span class='ocrx_word' id='word_1_39' title='bbox 1202 640 1241 717; x_wconf 89' lang='lat' dir='ltr'>V,</span> <span class='ocrx_word' id='word_1_40' title='bbox 1256 645 1287 718; x_wconf 80' lang='lat'>4,</span> <span class='ocrx_word' id='word_1_41' title='bbox 1304 644 1360 702; x_wconf 77' lang='lat'>27:</span> 
     </span>
     <span class='ocr_line' id='line_1_5' title="bbox 200 738 1360 818; baseline -0.004 -16"><span class='ocrx_word' id='word_1_42' title='bbox 200 744 233 802; x_wconf 77' lang='lat' dir='ltr'>id</span> <span class='ocrx_word' id='word_1_43' title='bbox 254 761 320 803; x_wconf 91' lang='lat' dir='ltr'>mea</span> <span class='ocrx_word' id='word_1_44' title='bbox 342 743 471 801; x_wconf 80' lang='lat' dir='ltr'><strong>minume</strong></span> <span class='ocrx_word' id='word_1_45' title='bbox 494 758 527 800; x_wconf 88' lang='lat' dir='ltr'>re</span> <span class='ocrx_word' id='word_1_46' title='bbox 549 741 616 813; x_wconf 75' lang='lat' dir='ltr'>fert.</span> <span class='ocrx_word' id='word_1_47' title='bbox 661 740 815 805; x_wconf 74' lang='lat' dir='ltr'><strong>Similiter</strong></span> <span class='ocrx_word' id='word_1_48' title='bbox 838 740 952 806; x_wconf 87' lang='lat' dir='ltr'>Heaut.</span> <span class='ocrx_word' id='word_1_49' title='bbox 978 738 1035 818; x_wconf 92' lang='lat' dir='ltr'>III,</span> <span class='ocrx_word' id='word_1_50' title='bbox 1062 743 1088 817; x_wconf 90' lang='lat'>1,</span> <span class='ocrx_word' id='word_1_51' title='bbox 1113 743 1168 802; x_wconf 85' lang='lat'>58:</span> <span class='ocrx_word' id='word_1_52' title='bbox 1191 740 1268 800; x_wconf 77' lang='lat' dir='ltr'>tiled</span> <span class='ocrx_word' id='word_1_53' title='bbox 1289 757 1360 813; x_wconf 91' lang='lat' dir='ltr'>per·</span> 
     </span>
    </p>
   </div>
   <div class='ocr_carea' id='block_1_3' title="bbox 98 835 1360 918">
    <p class='ocr_par' dir='ltr' id='par_1_3' title="bbox 98 835 1360 918">
     <span class='ocr_line' id='line_1_6' title="bbox 98 835 1360 918; baseline -0.003 -18"><span class='ocrx_word' id='word_1_54' title='bbox 98 857 103 864; x_wconf 88' lang='lat'>·</span> <span class='ocrx_word' id='word_1_55' title='bbox 192 842 299 915; x_wconf 87' lang='lat' dir='ltr'>magni</span> <span class='ocrx_word' id='word_1_56' title='bbox 316 859 348 900; x_wconf 87' lang='lat' dir='ltr'>re</span> <span class='ocrx_word' id='word_1_57' title='bbox 364 839 444 911; x_wconf 76' lang='lat' dir='ltr'>serre</span> <span class='ocrx_word' id='word_1_58' title='bbox 462 841 590 900; x_wconf 78' lang='lat' dir='ltr'>arbitror</span> <span class='ocrx_word' id='word_1_59' title='bbox 614 837 765 914; x_wconf 80' lang='lat' dir='ltr'>(Hessius</span> <span class='ocrx_word' id='word_1_60' title='bbox 777 838 817 901; x_wconf 89' lang='lat' dir='ltr'>ad</span> <span class='ocrx_word' id='word_1_61' title='bbox 830 837 948 918; x_wconf 80' lang='lat' dir='ltr'>Reisig.</span> <span class='ocrx_word' id='word_1_62' title='bbox 967 855 996 917; x_wconf 90' lang='lat' dir='ltr'>p.</span> <span class='ocrx_word' id='word_1_63' title='bbox 1011 840 1072 901; x_wconf 81' lang='lat'>640</span> <span class='ocrx_word' id='word_1_64' title='bbox 1089 852 1135 915; x_wconf 86' lang='lat' dir='ltr'>sq.</span> <span class='ocrx_word' id='word_1_65' title='bbox 1153 835 1260 900; x_wconf 87' lang='lat' dir='ltr'>adnot.</span> <span class='ocrx_word' id='word_1_66' title='bbox 1275 837 1360 908; x_wconf 83' lang='grc'>528).</span> 
     </span>
    </p>
   </div>
   <div class='ocr_carea' id='block_1_4' title="bbox 192 931 1368 4322">
    <p class='ocr_par' dir='ltr' id='par_1_4' title="bbox 192 931 1368 4322">
     <span class='ocr_line' id='line_1_7' title="bbox 288 931 1364 1014; baseline -0.005 -14"><span class='ocrx_word' id='word_1_67' title='bbox 288 935 411 1000; x_wconf 86' lang='lat' dir='ltr'>Deinde</span> <span class='ocrx_word' id='word_1_68' title='bbox 425 934 487 999; x_wconf 91' lang='lat' dir='ltr'>huc</span> <span class='ocrx_word' id='word_1_69' title='bbox 502 935 666 1014; x_wconf 85' lang='lat' dir='ltr'>pertinent</span> <span class='ocrx_word' id='word_1_70' title='bbox 680 935 780 999; x_wconf 86' lang='lat' dir='ltr'>verba</span> <span class='ocrx_word' id='word_1_71' title='bbox 800 934 855 999; x_wconf 92' lang='lat' dir='ltr'>illa</span> <span class='ocrx_word' id='word_1_72' title='bbox 868 933 964 998; x_wconf 89' lang='lat' dir='ltr'>animi</span> <span class='ocrx_word' id='word_1_73' title='bbox 981 931 1130 998; x_wconf 82' lang='lat' dir='ltr'>affectum</span> <span class='ocrx_word' id='word_1_74' title='bbox 1151 931 1364 1012; x_wconf 81' lang='lat' dir='ltr'>exprimentia</span> 
     </span>
     <span class='ocr_line' id='line_1_8' title="bbox 192 1029 1364 1114; baseline -0.005 -18"><span class='ocrx_word' id='word_1_75' title='bbox 192 1035 302 1112; x_wconf 73' lang='lat' dir='ltr'>podet,</span> <span class='ocrx_word' id='word_1_76' title='bbox 318 1036 415 1109; x_wconf 72' lang='lat' dir='ltr'>picei,</span> <span class='ocrx_word' id='word_1_77' title='bbox 432 1036 579 1109; x_wconf 72' lang='lat' dir='ltr'>poemat,</span> <span class='ocrx_word' id='word_1_78' title='bbox 606 1036 737 1103; x_wconf 79' lang='lat' dir='ltr'>miseret,</span> <span class='ocrx_word' id='word_1_79' title='bbox 767 1033 808 1098; x_wconf 89' lang='lat' dir='ltr'>ad</span> <span class='ocrx_word' id='word_1_80' title='bbox 830 1050 912 1114; x_wconf 88' lang='lat' dir='ltr'>quae</span> <span class='ocrx_word' id='word_1_81' title='bbox 934 1049 1030 1110; x_wconf 85' lang='lat' dir='ltr'>saepe</span> <span class='ocrx_word' id='word_1_82' title='bbox 1052 1029 1265 1094; x_wconf 86' lang='lat' dir='ltr'>nominativus</span> <span class='ocrx_word' id='word_1_83' title='bbox 1289 1045 1364 1109; x_wconf 88' lang='lat' dir='ltr'>pro·</span> 
     </span>
     <span class='ocr_line' id='line_1_9' title="bbox 202 1122 1365 1212; baseline -0.007 -16"><span class='ocrx_word' id='word_1_84' title='bbox 202 1132 338 1196; x_wconf 91' lang='lat' dir='ltr'>nominis</span> <span class='ocrx_word' id='word_1_85' title='bbox 362 1147 480 1212; x_wconf 85' lang='lat' dir='ltr'>genere</span> <span class='ocrx_word' id='word_1_86' title='bbox 502 1134 618 1196; x_wconf 91' lang='lat' dir='ltr'>neutro</span> <span class='ocrx_word' id='word_1_87' title='bbox 641 1147 773 1195; x_wconf 90' lang='lat' dir='ltr'>numero</span> <span class='ocrx_word' id='word_1_88' title='bbox 796 1129 952 1212; x_wconf 77' lang='lat' dir='ltr'>singulari</span> <span class='ocrx_word' id='word_1_89' title='bbox 975 1127 1160 1208; x_wconf 87' lang='lat' dir='ltr'>apponitur,</span> <span class='ocrx_word' id='word_1_90' title='bbox 1195 1142 1258 1205; x_wconf 92' lang='lat' dir='ltr'>quo</span> <span class='ocrx_word' id='word_1_91' title='bbox 1282 1122 1365 1188; x_wconf 90' lang='lat' dir='ltr'>fiunt</span> 
     </span>
     <span class='ocr_line' id='line_1_10' title="bbox 204 1221 1366 1310; baseline -0.009 -17"><span class='ocrx_word' id='word_1_92' title='bbox 204 1227 395 1308; x_wconf 83' lang='lat' dir='ltr'>personalia.</span> <span class='ocrx_word' id='word_1_93' title='bbox 441 1225 531 1291; x_wconf 88' lang='lat' dir='ltr'>Unus</span> <span class='ocrx_word' id='word_1_94' title='bbox 552 1226 656 1307; x_wconf 88' lang='lat' dir='ltr'>locus,</span> <span class='ocrx_word' id='word_1_95' title='bbox 689 1227 745 1293; x_wconf 92' lang='lat' dir='ltr'>uhi</span> <span class='ocrx_word' id='word_1_96' title='bbox 773 1246 831 1310; x_wconf 92' lang='lat' dir='ltr'>pro</span> <span class='ocrx_word' id='word_1_97' title='bbox 859 1246 897 1292; x_wconf 91' lang='lat' dir='ltr'>eo</span> <span class='ocrx_word' id='word_1_98' title='bbox 925 1225 1137 1290; x_wconf 85' lang='lat' dir='ltr'>nominativus</span> <span class='ocrx_word' id='word_1_99' title='bbox 1169 1221 1366 1288; x_wconf 84' lang='lat' dir='ltr'>substantivi</span> 
     </span>
     <span class='ocr_line' id='line_1_11' title="bbox 201 1321 1365 1405; baseline -0.008 -16"><span class='ocrx_word' id='word_1_100' title='bbox 201 1325 327 1405; x_wconf 87' lang='lat' dir='ltr'>positus</span> <span class='ocrx_word' id='word_1_101' title='bbox 349 1328 409 1402; x_wconf 87' lang='lat' dir='ltr'>est,</span> <span class='ocrx_word' id='word_1_102' title='bbox 432 1321 536 1386; x_wconf 86' lang='lat' dir='ltr'>Plaut.</span> <span class='ocrx_word' id='word_1_103' title='bbox 561 1323 659 1389; x_wconf 86' lang='lat' dir='ltr'>Stich.</span> <span class='ocrx_word' id='word_1_104' title='bbox 680 1325 705 1405; x_wconf 89' lang='lat'>1,</span> <span class='ocrx_word' id='word_1_105' title='bbox 733 1331 759 1404; x_wconf 92' lang='lat'>1,</span> <span class='ocrx_word' id='word_1_106' title='bbox 783 1331 840 1390; x_wconf 87' lang='lat'>50:</span> <span class='ocrx_word' id='word_1_107' title='bbox 869 1330 910 1387; x_wconf 86' lang='lat' dir='ltr'>Et</span> <span class='ocrx_word' id='word_1_108' title='bbox 932 1344 978 1386; x_wconf 89' lang='lat' dir='ltr'>me</span> <span class='ocrx_word' id='word_1_109' title='bbox 1001 1327 1119 1400; x_wconf 89' lang='lat' dir='ltr'>quidem</span> <span class='ocrx_word' id='word_1_110' title='bbox 1143 1325 1215 1383; x_wconf 82' lang='lat' dir='ltr'>hoec</span> <span class='ocrx_word' id='word_1_111' title='bbox 1236 1322 1365 1382; x_wconf 82' lang='lat' dir='ltr'>eorede&#39;tto</span> 
     </span>
     <span class='ocr_line' id='line_1_12' title="bbox 201 1416 1366 1496; baseline -0.003 -12"><span class='ocrx_word' id='word_1_112' title='bbox 201 1442 279 1484; x_wconf 90' lang='lat' dir='ltr'>nunc</span> <span class='ocrx_word' id='word_1_113' title='bbox 301 1441 360 1484; x_wconf 93' lang='lat' dir='ltr'>non</span> <span class='ocrx_word' id='word_1_114' title='bbox 381 1423 523 1496; x_wconf 76' lang='lat' dir='ltr'>paenitet,</span> <span class='ocrx_word' id='word_1_115' title='bbox 546 1422 721 1486; x_wconf 90' lang='lat' dir='ltr'>secundum</span> <span class='ocrx_word' id='word_1_116' title='bbox 737 1422 946 1488; x_wconf 88' lang='lat' dir='ltr'>Ritschelium</span> <span class='ocrx_word' id='word_1_117' title='bbox 970 1439 1032 1487; x_wconf 88' lang='lat' dir='ltr'>non</span> <span class='ocrx_word' id='word_1_118' title='bbox 1055 1425 1104 1485; x_wconf 91' lang='lat' dir='ltr'>est</span> <span class='ocrx_word' id='word_1_119' title='bbox 1117 1418 1297 1482; x_wconf 84' lang='lat' dir='ltr'>Plautinus,</span> <span class='ocrx_word' id='word_1_120' title='bbox 1327 1416 1366 1479; x_wconf 94' lang='lat' dir='ltr'>In</span> 
     </span>
     <span class='ocr_line' id='line_1_13' title="bbox 201 1513 1365 1598; baseline -0.003 -17"><span class='ocrx_word' id='word_1_121' title='bbox 201 1518 318 1598; x_wconf 86' lang='lat' dir='ltr'>plurali</span> <span class='ocrx_word' id='word_1_122' title='bbox 340 1517 419 1582; x_wconf 89' lang='lat' dir='ltr'>adeo</span> <span class='ocrx_word' id='word_1_123' title='bbox 449 1519 592 1597; x_wconf 90' lang='lat' dir='ltr'>positum</span> <span class='ocrx_word' id='word_1_124' title='bbox 619 1523 670 1584; x_wconf 90' lang='lat' dir='ltr'>est</span> <span class='ocrx_word' id='word_1_125' title='bbox 691 1520 825 1584; x_wconf 91' lang='lat' dir='ltr'>verbum</span> <span class='ocrx_word' id='word_1_126' title='bbox 852 1524 966 1598; x_wconf 85' lang='lat' dir='ltr'>pudere</span> <span class='ocrx_word' id='word_1_127' title='bbox 994 1518 1123 1582; x_wconf 88' lang='lat' dir='ltr'>Terent.</span> <span class='ocrx_word' id='word_1_128' title='bbox 1148 1514 1284 1595; x_wconf 84' lang='lat' dir='ltr'>Adelph.</span> <span class='ocrx_word' id='word_1_129' title='bbox 1309 1513 1365 1592; x_wconf 91' lang='lat' dir='ltr'>IV,</span> 
     </span>
     <span class='ocr_line' id='line_1_14' title="bbox 202 1613 1367 1696; baseline -0.006 -15"><span class='ocrx_word' id='word_1_130' title='bbox 202 1622 231 1694; x_wconf 82' lang='grc'>7,</span> <span class='ocrx_word' id='word_1_131' title='bbox 255 1619 309 1680; x_wconf 87' lang='lat'>36:</span> <span class='ocrx_word' id='word_1_132' title='bbox 332 1619 400 1677; x_wconf 87' lang='lat' dir='ltr'>Non</span> <span class='ocrx_word' id='word_1_133' title='bbox 422 1624 452 1677; x_wconf 84' lang='lat' dir='ltr'>ta</span> <span class='ocrx_word' id='word_1_134' title='bbox 476 1617 548 1678; x_wconf 78' lang='lat' dir='ltr'>hoec</span> <span class='ocrx_word' id='word_1_135' title='bbox 565 1619 702 1692; x_wconf 75' lang='lat' dir='ltr'>pedem?</span> <span class='ocrx_word' id='word_1_136' title='bbox 725 1617 774 1680; x_wconf 84' lang='lat' dir='ltr'>Ex</span> <span class='ocrx_word' id='word_1_137' title='bbox 797 1617 948 1682; x_wconf 92' lang='lat' dir='ltr'>hocloco</span> <span class='ocrx_word' id='word_1_138' title='bbox 971 1619 1107 1696; x_wconf 87' lang='lat' dir='ltr'>apparet</span> <span class='ocrx_word' id='word_1_139' title='bbox 1129 1613 1224 1678; x_wconf 90' lang='lat' dir='ltr'>etiam</span> <span class='ocrx_word' id='word_1_140' title='bbox 1248 1629 1367 1692; x_wconf 89' lang='lat' dir='ltr'>prouo-</span> 
     </span>
     <span class='ocr_line' id='line_1_15' title="bbox 201 1709 1367 1792; baseline -0.003 -17"><span class='ocrx_word' id='word_1_141' title='bbox 201 1712 288 1777; x_wconf 88' lang='lat' dir='ltr'>mina</span> <span class='ocrx_word' id='word_1_142' title='bbox 309 1711 342 1774; x_wconf 93' lang='lat' dir='ltr'>in</span> <span class='ocrx_word' id='word_1_143' title='bbox 365 1729 483 1790; x_wconf 87' lang='lat' dir='ltr'>genere</span> <span class='ocrx_word' id='word_1_144' title='bbox 506 1717 621 1776; x_wconf 90' lang='lat' dir='ltr'>neutro</span> <span class='ocrx_word' id='word_1_145' title='bbox 644 1713 764 1792; x_wconf 89' lang='lat' dir='ltr'>posita,</span> <span class='ocrx_word' id='word_1_146' title='bbox 798 1713 936 1792; x_wconf 88' lang='lat' dir='ltr'>quaein</span> <span class='ocrx_word' id='word_1_147' title='bbox 959 1712 1112 1791; x_wconf 84' lang='lat' dir='ltr'>exemplis</span> <span class='ocrx_word' id='word_1_148' title='bbox 1138 1709 1222 1774; x_wconf 89' lang='lat' dir='ltr'>inira</span> <span class='ocrx_word' id='word_1_149' title='bbox 1250 1709 1367 1790; x_wconf 88' lang='lat' dir='ltr'>positis</span> 
     </span>
     <span class='ocr_line' id='line_1_16' title="bbox 199 1807 1368 1889; baseline -0.003 -16"><span class='ocrx_word' id='word_1_150' title='bbox 199 1808 422 1889; x_wconf 84' lang='lat' dir='ltr'>inveniuntur,</span> <span class='ocrx_word' id='word_1_151' title='bbox 453 1809 664 1874; x_wconf 87' lang='lat' dir='ltr'>nominativos</span> <span class='ocrx_word' id='word_1_152' title='bbox 685 1827 770 1888; x_wconf 89' lang='lat' dir='ltr'>esse,</span> <span class='ocrx_word' id='word_1_153' title='bbox 801 1826 864 1873; x_wconf 93' lang='lat' dir='ltr'>non</span> <span class='ocrx_word' id='word_1_154' title='bbox 891 1809 1105 1888; x_wconf 82' lang='lat' dir='ltr'>accusativos,</span> <span class='ocrx_word' id='word_1_155' title='bbox 1135 1807 1300 1888; x_wconf 86' lang='lat' dir='ltr'>quoniam,</span> <span class='ocrx_word' id='word_1_156' title='bbox 1331 1812 1368 1870; x_wconf 92' lang='lat' dir='ltr'>ut</span> 
     </span>
     <span class='ocr_line' id='line_1_17' title="bbox 199 1905 1366 1986; baseline -0.003 -16"><span class='ocrx_word' id='word_1_157' title='bbox 199 1905 259 1971; x_wconf 86' lang='lat' dir='ltr'>tibi</span> <span class='ocrx_word' id='word_1_158' title='bbox 293 1910 437 1984; x_wconf 91' lang='lat' dir='ltr'>constes,</span> <span class='ocrx_word' id='word_1_159' title='bbox 475 1906 581 1970; x_wconf 90' lang='lat' dir='ltr'>omnia</span> <span class='ocrx_word' id='word_1_160' title='bbox 618 1906 764 1986; x_wconf 85' lang='lat' dir='ltr'>exempla</span> <span class='ocrx_word' id='word_1_161' title='bbox 796 1906 907 1970; x_wconf 89' lang='lat' dir='ltr'>eodem</span> <span class='ocrx_word' id='word_1_162' title='bbox 941 1906 1034 1971; x_wconf 92' lang='lat' dir='ltr'>modo</span> <span class='ocrx_word' id='word_1_163' title='bbox 1063 1905 1248 1984; x_wconf 86' lang='lat' dir='ltr'>accipienda</span> <span class='ocrx_word' id='word_1_164' title='bbox 1281 1909 1366 1969; x_wconf 88' lang='lat' dir='ltr'>sunt.</span> 
     </span>
     <span class='ocr_line' id='line_1_18' title="bbox 204 2001 1368 2084; baseline -0.002 -16"><span class='ocrx_word' id='word_1_165' title='bbox 204 2004 277 2068; x_wconf 89' lang='lat' dir='ltr'>Non</span> <span class='ocrx_word' id='word_1_166' title='bbox 300 2006 426 2067; x_wconf 88' lang='lat' dir='ltr'>constat</span> <span class='ocrx_word' id='word_1_167' title='bbox 450 2003 512 2067; x_wconf 90' lang='lat' dir='ltr'>sibi</span> <span class='ocrx_word' id='word_1_168' title='bbox 533 2003 594 2068; x_wconf 86' lang='lat' dir='ltr'>hac</span> <span class='ocrx_word' id='word_1_169' title='bbox 616 2004 648 2067; x_wconf 94' lang='lat' dir='ltr'>in</span> <span class='ocrx_word' id='word_1_170' title='bbox 671 2021 707 2067; x_wconf 91' lang='lat' dir='ltr'>re</span> <span class='ocrx_word' id='word_1_171' title='bbox 722 2003 869 2067; x_wconf 88' lang='lat' dir='ltr'>Reddim.</span> <span class='ocrx_word' id='word_1_172' title='bbox 893 2022 922 2084; x_wconf 94' lang='lat' dir='ltr'>p.</span> <span class='ocrx_word' id='word_1_173' title='bbox 941 2009 1012 2079; x_wconf 78' lang='lat'>205,</span> <span class='ocrx_word' id='word_1_174' title='bbox 1037 2003 1145 2084; x_wconf 89' lang='lat' dir='ltr'>quiin</span> <span class='ocrx_word' id='word_1_175' title='bbox 1168 2001 1239 2066; x_wconf 90' lang='lat' dir='ltr'>aliis</span> <span class='ocrx_word' id='word_1_176' title='bbox 1262 2021 1368 2068; x_wconf 85' lang='lat' dir='ltr'>exem·</span> 
     </span>
     <span class='ocr_line' id='line_1_19' title="bbox 203 2098 1368 2180; baseline 0.002 -17"><span class='ocrx_word' id='word_1_177' title='bbox 203 2098 265 2180; x_wconf 88' lang='lat' dir='ltr'>plis</span> <span class='ocrx_word' id='word_1_178' title='bbox 287 2099 522 2179; x_wconf 85' lang='lat' dir='ltr'>accusativum,</span> <span class='ocrx_word' id='word_1_179' title='bbox 552 2102 585 2164; x_wconf 94' lang='lat' dir='ltr'>in</span> <span class='ocrx_word' id='word_1_180' title='bbox 607 2100 678 2165; x_wconf 91' lang='lat' dir='ltr'>aliis</span> <span class='ocrx_word' id='word_1_181' title='bbox 699 2101 927 2166; x_wconf 87' lang='lat' dir='ltr'>nominativum</span> <span class='ocrx_word' id='word_1_182' title='bbox 956 2101 1108 2180; x_wconf 85' lang='lat' dir='ltr'>agnoscit.</span> <span class='ocrx_word' id='word_1_183' title='bbox 1155 2100 1368 2165; x_wconf 84' lang='lat' dir='ltr'>Accusativos</span> 
     </span>
     <span class='ocr_line' id='line_1_20' title="bbox 203 2196 1368 2278; baseline 0.002 -18"><span class='ocrx_word' id='word_1_184' title='bbox 203 2213 330 2275; x_wconf 90' lang='lat' dir='ltr'>semper</span> <span class='ocrx_word' id='word_1_185' title='bbox 358 2213 430 2260; x_wconf 88' lang='lat' dir='ltr'>esse</span> <span class='ocrx_word' id='word_1_186' title='bbox 461 2202 608 2262; x_wconf 89' lang='lat' dir='ltr'>statuunt</span> <span class='ocrx_word' id='word_1_187' title='bbox 636 2197 758 2262; x_wconf 86' lang='lat' dir='ltr'>Parcus</span> <span class='ocrx_word' id='word_1_188' title='bbox 789 2199 822 2260; x_wconf 95' lang='lat' dir='ltr'>in</span> <span class='ocrx_word' id='word_1_189' title='bbox 848 2196 949 2262; x_wconf 85' lang='lat' dir='ltr'>lexico</span> <span class='ocrx_word' id='word_1_190' title='bbox 977 2197 1086 2262; x_wconf 89' lang='lat' dir='ltr'>critico</span> <span class='ocrx_word' id='word_1_191' title='bbox 1116 2203 1149 2264; x_wconf 87' lang='lat' dir='ltr'>et</span> <span class='ocrx_word' id='word_1_192' title='bbox 1176 2197 1368 2278; x_wconf 87' lang='lat' dir='ltr'>Kruegerus</span> 
     </span>
     <span class='ocr_line' id='line_1_21' title="bbox 203 2293 1365 2375; baseline 0.002 -19"><span class='ocrx_word' id='word_1_193' title='bbox 203 2311 333 2374; x_wconf 84' lang='lat' dir='ltr'>gramm.</span> <span class='ocrx_word' id='word_1_194' title='bbox 357 2293 412 2356; x_wconf 92' lang='lat' dir='ltr'>lat.</span> <span class='ocrx_word' id='word_1_195' title='bbox 438 2312 467 2373; x_wconf 94' lang='lat' dir='ltr'>p.</span> <span class='ocrx_word' id='word_1_196' title='bbox 491 2298 570 2374; x_wconf 86' lang='grc'>468,</span> <span class='ocrx_word' id='word_1_197' title='bbox 594 2294 700 2359; x_wconf 90' lang='lat' dir='ltr'>adnot.</span> <span class='ocrx_word' id='word_1_198' title='bbox 725 2300 758 2372; x_wconf 84' lang='lat'>2,</span> <span class='ocrx_word' id='word_1_199' title='bbox 783 2300 893 2359; x_wconf 90' lang='lat' dir='ltr'>contra</span> <span class='ocrx_word' id='word_1_200' title='bbox 915 2311 993 2374; x_wconf 86' lang='lat' dir='ltr'>quos</span> <span class='ocrx_word' id='word_1_201' title='bbox 1017 2294 1156 2359; x_wconf 88' lang='lat' dir='ltr'>Haasius</span> <span class='ocrx_word' id='word_1_202' title='bbox 1180 2295 1220 2359; x_wconf 90' lang='lat' dir='ltr'>ad</span> <span class='ocrx_word' id='word_1_203' title='bbox 1242 2294 1365 2375; x_wconf 86' lang='lat' dir='ltr'>Reisig.</span> 
     </span>
     <span class='ocr_line' id='line_1_22' title="bbox 202 2391 1367 2472; baseline 0.001 -18"><span class='ocrx_word' id='word_1_204' title='bbox 202 2391 307 2454; x_wconf 88' lang='lat' dir='ltr'>adnot.</span> <span class='ocrx_word' id='word_1_205' title='bbox 333 2395 393 2456; x_wconf 83' lang='grc'>536</span> <span class='ocrx_word' id='word_1_206' title='bbox 425 2391 542 2472; x_wconf 88' lang='lat' dir='ltr'>ubique</span> <span class='ocrx_word' id='word_1_207' title='bbox 565 2391 775 2455; x_wconf 90' lang='lat' dir='ltr'>nominativos</span> <span class='ocrx_word' id='word_1_208' title='bbox 798 2391 998 2470; x_wconf 88' lang='lat' dir='ltr'>accipiendos</span> <span class='ocrx_word' id='word_1_209' title='bbox 1027 2409 1097 2456; x_wconf 88' lang='lat' dir='ltr'>esse</span> <span class='ocrx_word' id='word_1_210' title='bbox 1125 2397 1212 2456; x_wconf 90' lang='lat' dir='ltr'>recte</span> <span class='ocrx_word' id='word_1_211' title='bbox 1235 2391 1367 2455; x_wconf 89' lang='lat' dir='ltr'>demon-</span> 
     </span>
     <span class='ocr_line' id='line_1_23' title="bbox 202 2487 1367 2568; baseline 0 -16"><span class='ocrx_word' id='word_1_212' title='bbox 202 2489 326 2552; x_wconf 85' lang='lat' dir='ltr'>stravit.</span> <span class='ocrx_word' id='word_1_213' title='bbox 372 2487 405 2552; x_wconf 86' lang='lat' dir='ltr'>Si</span> <span class='ocrx_word' id='word_1_214' title='bbox 422 2491 527 2552; x_wconf 89' lang='lat' dir='ltr'>autem</span> <span class='ocrx_word' id='word_1_215' title='bbox 544 2488 744 2552; x_wconf 89' lang='lat' dir='ltr'>dictumest:</span> <span class='ocrx_word' id='word_1_216' title='bbox 768 2488 839 2552; x_wconf 89' lang='lat' dir='ltr'>Hoc</span> <span class='ocrx_word' id='word_1_217' title='bbox 854 2506 905 2552; x_wconf 91' lang='lat' dir='ltr'>me</span> <span class='ocrx_word' id='word_1_218' title='bbox 921 2488 1035 2566; x_wconf 88' lang='lat' dir='ltr'>pudet:</span> <span class='ocrx_word' id='word_1_219' title='bbox 1058 2489 1211 2568; x_wconf 86' lang='lat' dir='ltr'>poenitet,</span> <span class='ocrx_word' id='word_1_220' title='bbox 1233 2489 1367 2554; x_wconf 87' lang='lat' dir='ltr'>miseret</span> 
     </span>
     <span class='ocr_line' id='line_1_24' title="bbox 205 2583 1364 2665; baseline -0.003 -15"><span class='ocrx_word' id='word_1_221' title='bbox 205 2589 294 2662; x_wconf 85' lang='lat' dir='ltr'>cett,</span> <span class='ocrx_word' id='word_1_222' title='bbox 315 2586 362 2648; x_wconf 90' lang='lat' dir='ltr'>ita</span> <span class='ocrx_word' id='word_1_223' title='bbox 384 2584 604 2664; x_wconf 88' lang='lat' dir='ltr'>accipiendum</span> <span class='ocrx_word' id='word_1_224' title='bbox 629 2589 693 2662; x_wconf 90' lang='lat' dir='ltr'>est,</span> <span class='ocrx_word' id='word_1_225' title='bbox 715 2583 807 2664; x_wconf 89' lang='lat' dir='ltr'>quasi</span> <span class='ocrx_word' id='word_1_226' title='bbox 830 2585 949 2650; x_wconf 88' lang='lat' dir='ltr'>dictum</span> <span class='ocrx_word' id='word_1_227' title='bbox 972 2585 1029 2649; x_wconf 89' lang='lat' dir='ltr'>sit:</span> <span class='ocrx_word' id='word_1_228' title='bbox 1064 2587 1134 2650; x_wconf 87' lang='lat' dir='ltr'>Hoc</span> <span class='ocrx_word' id='word_1_229' title='bbox 1156 2603 1206 2650; x_wconf 92' lang='lat' dir='ltr'>me</span> <span class='ocrx_word' id='word_1_230' title='bbox 1229 2585 1364 2665; x_wconf 85' lang='lat' dir='ltr'>pudore,</span> 
     </span>
     <span class='ocr_line' id='line_1_25' title="bbox 203 2679 1365 2762; baseline -0.002 -16"><span class='ocrx_word' id='word_1_231' title='bbox 203 2683 408 2762; x_wconf 88' lang='lat' dir='ltr'>poenitentia,</span> <span class='ocrx_word' id='word_1_232' title='bbox 431 2682 637 2746; x_wconf 88' lang='lat' dir='ltr'>miseratione</span> <span class='ocrx_word' id='word_1_233' title='bbox 661 2679 766 2746; x_wconf 87' lang='lat' dir='ltr'>afficit.</span> <span class='ocrx_word' id='word_1_234' title='bbox 811 2681 913 2746; x_wconf 86' lang='lat' dir='ltr'>Plaut.</span> <span class='ocrx_word' id='word_1_235' title='bbox 935 2683 1027 2762; x_wconf 86' lang='lat' dir='ltr'>Epid.</span> <span class='ocrx_word' id='word_1_236' title='bbox 1049 2683 1105 2762; x_wconf 91' lang='lat' dir='ltr'>IV,</span> <span class='ocrx_word' id='word_1_237' title='bbox 1130 2688 1157 2762; x_wconf 89' lang='lat' dir='ltr'>l,</span> <span class='ocrx_word' id='word_1_238' title='bbox 1182 2684 1213 2747; x_wconf 86' lang='lat' dir='ltr'>l&#39;:</span> <span class='ocrx_word' id='word_1_239' title='bbox 1238 2687 1270 2744; x_wconf 86' lang='lat' dir='ltr'>si</span> <span class='ocrx_word' id='word_1_240' title='bbox 1295 2687 1365 2760; x_wconf 87' lang='lat' dir='ltr'>quid</span> 
     </span>
     <span class='ocr_line' id='line_1_26' title="bbox 207 2780 1365 2854; baseline 0.002 -13"><span class='ocrx_word' id='word_1_241' title='bbox 207 2784 348 2843; x_wconf 89' lang='lat' dir='ltr'>hominist</span> <span class='ocrx_word' id='word_1_242' title='bbox 371 2783 574 2854; x_wconf 89' lang='lat' dir='ltr'>miseriarum,</span> <span class='ocrx_word' id='word_1_243' title='bbox 597 2782 676 2854; x_wconf 73' lang='lat' dir='ltr'>quoe</span> <span class='ocrx_word' id='word_1_244' title='bbox 697 2783 880 2849; x_wconf 76' lang='lat' dir='ltr'>miserescat,</span> <span class='ocrx_word' id='word_1_245' title='bbox 904 2780 965 2844; x_wconf 87' lang='lat' dir='ltr'>vid.</span> <span class='ocrx_word' id='word_1_246' title='bbox 990 2781 1097 2844; x_wconf 89' lang='lat' dir='ltr'>adnot.</span> <span class='ocrx_word' id='word_1_247' title='bbox 1121 2781 1254 2844; x_wconf 84' lang='lat' dir='ltr'>Tauhm.</span> <span class='ocrx_word' id='word_1_248' title='bbox 1279 2781 1365 2843; x_wconf 84' lang='lat' dir='ltr'>Meu.</span> 
     </span>
     <span class='ocr_line' id='line_1_27' title="bbox 202 2876 1366 2955; baseline -0.003 -15"><span class='ocrx_word' id='word_1_249' title='bbox 202 2897 231 2940; x_wconf 90' lang='lat' dir='ltr'>v.</span> <span class='ocrx_word' id='word_1_250' title='bbox 255 2881 331 2941; x_wconf 83' lang='lat'><strong>642:</strong></span> <span class='ocrx_word' id='word_1_251' title='bbox 356 2878 479 2952; x_wconf 79' lang='lat' dir='ltr'>Quando</span> <span class='ocrx_word' id='word_1_252' title='bbox 501 2880 547 2938; x_wconf 79' lang='lat' dir='ltr'>nil</span> <span class='ocrx_word' id='word_1_253' title='bbox 562 2879 664 2952; x_wconf 76' lang='lat' dir='ltr'>pedet.</span> <span class='ocrx_word' id='word_1_254' title='bbox 709 2876 807 2941; x_wconf 89' lang='lat' dir='ltr'>Merc.</span> <span class='ocrx_word' id='word_1_255' title='bbox 831 2896 858 2939; x_wconf 89' lang='lat' dir='ltr'>v.</span> <span class='ocrx_word' id='word_1_256' title='bbox 883 2881 961 2940; x_wconf 83' lang='lat'>912:</span> <span class='ocrx_word' id='word_1_257' title='bbox 993 2880 1053 2953; x_wconf 88' lang='lat' dir='ltr'>Nil,</span> <span class='ocrx_word' id='word_1_258' title='bbox 1078 2880 1222 2952; x_wconf 77' lang='lat' dir='ltr'>Charine,</span> <span class='ocrx_word' id='word_1_259' title='bbox 1247 2887 1277 2939; x_wconf 91' lang='lat' dir='ltr'>te</span> <span class='ocrx_word' id='word_1_260' title='bbox 1302 2882 1366 2955; x_wconf 89' lang='lat' dir='ltr'>qui-</span> 
     </span>
     <span class='ocr_line' id='line_1_28' title="bbox 203 2973 1367 3054; baseline -0.003 -17"><span class='ocrx_word' id='word_1_261' title='bbox 203 2979 268 3038; x_wconf 90' lang='lat' dir='ltr'>dem</span> <span class='ocrx_word' id='word_1_262' title='bbox 293 2978 449 3052; x_wconf 89' lang='lat' dir='ltr'>quicquam</span> <span class='ocrx_word' id='word_1_263' title='bbox 472 2979 574 3052; x_wconf 90' lang='lat' dir='ltr'>pudet.</span> <span class='ocrx_word' id='word_1_264' title='bbox 620 2973 711 3054; x_wconf 90' lang='lat' dir='ltr'>Epid.</span> <span class='ocrx_word' id='word_1_265' title='bbox 728 2973 753 3053; x_wconf 92' lang='grc' dir='ltr'>Ι,</span> <span class='ocrx_word' id='word_1_266' title='bbox 779 2978 807 3053; x_wconf 93' lang='grc'>2,</span> <span class='ocrx_word' id='word_1_267' title='bbox 831 2979 851 3038; x_wconf 85' lang='grc'>4</span> <span class='ocrx_word' id='word_1_268' title='bbox 876 2973 994 3051; x_wconf 79' lang='lat' dir='ltr'>(sudu.</span> <span class='ocrx_word' id='word_1_269' title='bbox 1018 2993 1048 3054; x_wconf 89' lang='lat' dir='ltr'>p.</span> <span class='ocrx_word' id='word_1_270' title='bbox 1063 2973 1153 3052; x_wconf 80' lang='grc'>205);</span> <span class='ocrx_word' id='word_1_271' title='bbox 1175 2977 1253 3036; x_wconf 83' lang='lat' dir='ltr'>Idne</span> <span class='ocrx_word' id='word_1_272' title='bbox 1273 2977 1367 3050; x_wconf 78' lang='lat' dir='ltr'>podet</span> 
     </span>
     <span class='ocr_line' id='line_1_29' title="bbox 205 3071 1364 3150; baseline 0 -16"><span class='ocrx_word' id='word_1_273' title='bbox 205 3083 235 3135; x_wconf 91' lang='lat' dir='ltr'>te</span> <span class='ocrx_word' id='word_1_274' title='bbox 257 3075 320 3134; x_wconf 83' lang='lat'>-?</span> <span class='ocrx_word' id='word_1_275' title='bbox 364 3071 459 3136; x_wconf 87' lang='lat' dir='ltr'>Most.</span> <span class='ocrx_word' id='word_1_276' title='bbox 484 3071 522 3147; x_wconf 89' lang='lat' dir='ltr'>V,</span> <span class='ocrx_word' id='word_1_277' title='bbox 546 3076 580 3150; x_wconf 82' lang='lat'>2,</span> <span class='ocrx_word' id='word_1_278' title='bbox 604 3076 660 3136; x_wconf 80' lang='lat'>43:</span> <span class='ocrx_word' id='word_1_279' title='bbox 695 3075 727 3133; x_wconf 87' lang='lat' dir='ltr'>Si</span> <span class='ocrx_word' id='word_1_280' title='bbox 755 3073 808 3131; x_wconf 83' lang='lat' dir='ltr'>hoe</span> <span class='ocrx_word' id='word_1_281' title='bbox 823 3072 930 3144; x_wconf 75' lang='lat' dir='ltr'>podet,</span> <span class='ocrx_word' id='word_1_282' title='bbox 964 3074 1071 3134; x_wconf 88' lang='lat' dir='ltr'>iecisse</span> <span class='ocrx_word' id='word_1_283' title='bbox 1097 3084 1252 3148; x_wconf 85' lang='lat' dir='ltr'>sumptum.</span> <span class='ocrx_word' id='word_1_284' title='bbox 1298 3073 1364 3136; x_wconf 91' lang='lat' dir='ltr'>Mil.</span> 
     </span>
     <span class='ocr_line' id='line_1_30' title="bbox 201 3169 1364 3246; baseline -0.001 -13"><span class='ocrx_word' id='word_1_285' title='bbox 201 3169 261 3246; x_wconf 92' lang='grc' dir='ltr'>ΙΙΙ,</span> <span class='ocrx_word' id='word_1_286' title='bbox 287 3175 314 3246; x_wconf 93' lang='grc'>1,</span> <span class='ocrx_word' id='word_1_287' title='bbox 340 3173 396 3234; x_wconf 87' lang='lat'>30:</span> <span class='ocrx_word' id='word_1_288' title='bbox 421 3171 565 3246; x_wconf 90' lang='lat' dir='ltr'>siquidem</span> <span class='ocrx_word' id='word_1_289' title='bbox 587 3179 617 3230; x_wconf 87' lang='lat' dir='ltr'>te</span> <span class='ocrx_word' id='word_1_290' title='bbox 637 3171 795 3244; x_wconf 65' lang='lat' dir='ltr'>preteream</span> <span class='ocrx_word' id='word_1_291' title='bbox 810 3172 887 3243; x_wconf 91' lang='lat' dir='ltr'>quod</span> <span class='ocrx_word' id='word_1_292' title='bbox 909 3170 984 3231; x_wconf 84' lang='lat' dir='ltr'>laxis</span> <span class='ocrx_word' id='word_1_293' title='bbox 999 3172 1100 3244; x_wconf 80' lang='lat' dir='ltr'>podet.</span> <span class='ocrx_word' id='word_1_294' title='bbox 1145 3171 1241 3234; x_wconf 82' lang='lat' dir='ltr'>Mers.</span> <span class='ocrx_word' id='word_1_295' title='bbox 1266 3189 1293 3233; x_wconf 93' lang='lat' dir='ltr'>v.</span> <span class='ocrx_word' id='word_1_296' title='bbox 1312 3174 1364 3234; x_wconf 79' lang='lat'>56:</span> 
     </span>
     <span class='ocr_line' id='line_1_31' title="bbox 202 3264 1361 3346; baseline 0.001 -18"><span class='ocrx_word' id='word_1_297' title='bbox 202 3269 288 3345; x_wconf 75' lang='lat' dir='ltr'>Quod</span> <span class='ocrx_word' id='word_1_298' title='bbox 302 3270 360 3327; x_wconf 88' lang='lat' dir='ltr'>nisi</span> <span class='ocrx_word' id='word_1_299' title='bbox 372 3269 503 3340; x_wconf 72' lang='lat' dir='ltr'>poderes,</span> <span class='ocrx_word' id='word_1_300' title='bbox 518 3285 555 3326; x_wconf 89' lang='lat' dir='ltr'>ne</span> <span class='ocrx_word' id='word_1_301' title='bbox 572 3269 690 3328; x_wconf 90' lang='lat' dir='ltr'>luberet</span> <span class='ocrx_word' id='word_1_302' title='bbox 705 3268 815 3341; x_wconf 89' lang='lat' dir='ltr'>vivere,</span> <span class='ocrx_word' id='word_1_303' title='bbox 832 3264 887 3329; x_wconf 89' lang='lat' dir='ltr'>ubi</span> <span class='ocrx_word' id='word_1_304' title='bbox 901 3265 963 3331; x_wconf 87' lang='lat' dir='ltr'>vid.</span> <span class='ocrx_word' id='word_1_305' title='bbox 980 3268 1060 3346; x_wconf 87' lang='lat' dir='ltr'>expl.</span> <span class='ocrx_word' id='word_1_306' title='bbox 1077 3267 1222 3331; x_wconf 84' lang='lat' dir='ltr'>Douzae.</span> <span class='ocrx_word' id='word_1_307' title='bbox 1244 3267 1361 3332; x_wconf 88' lang='lat' dir='ltr'>Pseud.</span> 
     </span>
     <span class='ocr_line' id='line_1_32' title="bbox 201 3362 1365 3444; baseline -0.003 -16"><span class='ocrx_word' id='word_1_308' title='bbox 201 3364 228 3442; x_wconf 95' lang='grc' dir='ltr'>Ι,</span> <span class='ocrx_word' id='word_1_309' title='bbox 254 3369 283 3442; x_wconf 88' lang='lat'>3,</span> <span class='ocrx_word' id='word_1_310' title='bbox 310 3368 384 3427; x_wconf 83' lang='lat'>136:</span> <span class='ocrx_word' id='word_1_311' title='bbox 409 3367 528 3440; x_wconf 75' lang='lat' dir='ltr'>Ecquid</span> <span class='ocrx_word' id='word_1_312' title='bbox 549 3374 579 3425; x_wconf 89' lang='lat' dir='ltr'>te</span> <span class='ocrx_word' id='word_1_313' title='bbox 597 3365 712 3439; x_wconf 72' lang='lat' dir='ltr'>pedet?</span> <span class='ocrx_word' id='word_1_314' title='bbox 756 3363 845 3428; x_wconf 90' lang='lat' dir='ltr'>Idem</span> <span class='ocrx_word' id='word_1_315' title='bbox 861 3362 982 3442; x_wconf 87' lang='lat' dir='ltr'>legitur</span> <span class='ocrx_word' id='word_1_316' title='bbox 996 3363 1092 3428; x_wconf 89' lang='lat' dir='ltr'>Poen.</span> <span class='ocrx_word' id='word_1_317' title='bbox 1109 3364 1147 3444; x_wconf 87' lang='lat' dir='ltr'>V,</span> <span class='ocrx_word' id='word_1_318' title='bbox 1172 3369 1200 3443; x_wconf 83' lang='lat'>5,</span> <span class='ocrx_word' id='word_1_319' title='bbox 1225 3371 1281 3428; x_wconf 82' lang='lat'>26:</span> <span class='ocrx_word' id='word_1_320' title='bbox 1306 3370 1365 3427; x_wconf 68' lang='lat' dir='ltr'>Ea</span> 
     </span>
     <span class='ocr_line' id='line_1_33' title="bbox 201 3460 1363 3541; baseline -0.002 -18"><span class='ocrx_word' id='word_1_321' title='bbox 201 3465 276 3537; x_wconf 75' lang='lat' dir='ltr'>qaid</span> <span class='ocrx_word' id='word_1_322' title='bbox 293 3470 323 3522; x_wconf 89' lang='lat' dir='ltr'>te</span> <span class='ocrx_word' id='word_1_323' title='bbox 340 3463 455 3536; x_wconf 74' lang='lat' dir='ltr'>mmet?</span> <span class='ocrx_word' id='word_1_324' title='bbox 492 3461 550 3526; x_wconf 87' lang='lat' dir='ltr'>ST.</span> <span class='ocrx_word' id='word_1_325' title='bbox 574 3462 688 3531; x_wconf 74' lang='lat' dir='ltr'>Omnia,</span> <span class='ocrx_word' id='word_1_326' title='bbox 713 3482 787 3539; x_wconf 88' lang='lat' dir='ltr'>quae</span> <span class='ocrx_word' id='word_1_327' title='bbox 810 3471 842 3523; x_wconf 88' lang='lat' dir='ltr'>tu</span> <span class='ocrx_word' id='word_1_328' title='bbox 866 3464 918 3524; x_wconf 92' lang='lat' dir='ltr'>vis.</span> <span class='ocrx_word' id='word_1_329' title='bbox 956 3460 1044 3526; x_wconf 79' lang='lat' dir='ltr'>Pers</span> <span class='ocrx_word' id='word_1_330' title='bbox 1068 3461 1124 3540; x_wconf 92' lang='grc' dir='ltr'>ΙΙΙ,</span> <span class='ocrx_word' id='word_1_331' title='bbox 1150 3468 1178 3541; x_wconf 88' lang='lat'>3,</span> <span class='ocrx_word' id='word_1_332' title='bbox 1204 3467 1258 3526; x_wconf 85' lang='lat'>19:</span> <span class='ocrx_word' id='word_1_333' title='bbox 1281 3465 1363 3523; x_wconf 76' lang='lat' dir='ltr'>milne</span> 
     </span>
     <span class='ocr_line' id='line_1_34' title="bbox 205 3556 1363 3638; baseline 0.001 -18"><span class='ocrx_word' id='word_1_334' title='bbox 205 3560 364 3632; x_wconf 78' lang='lat' dir='ltr'>repedet?</span> <span class='ocrx_word' id='word_1_335' title='bbox 409 3557 498 3620; x_wconf 90' lang='lat' dir='ltr'>Idem</span> <span class='ocrx_word' id='word_1_336' title='bbox 522 3556 641 3638; x_wconf 85' lang='lat' dir='ltr'>legitur</span> <span class='ocrx_word' id='word_1_337' title='bbox 665 3560 750 3623; x_wconf 88' lang='lat' dir='ltr'>Asin.</span> <span class='ocrx_word' id='word_1_338' title='bbox 774 3558 812 3638; x_wconf 90' lang='lat' dir='ltr'>V,</span> <span class='ocrx_word' id='word_1_339' title='bbox 836 3563 871 3636; x_wconf 85' lang='lat'>2,</span> <span class='ocrx_word' id='word_1_340' title='bbox 903 3563 953 3623; x_wconf 84' lang='lat'>83.</span> <span class='ocrx_word' id='word_1_341' title='bbox 977 3559 1157 3626; x_wconf 87' lang='lat' dir='ltr'>-Bacch</span> <span class='ocrx_word' id='word_1_342' title='bbox 1182 3560 1220 3638; x_wconf 91' lang='lat' dir='ltr'>V,</span> <span class='ocrx_word' id='word_1_343' title='bbox 1243 3565 1277 3638; x_wconf 86' lang='lat'>2,</span> <span class='ocrx_word' id='word_1_344' title='bbox 1308 3565 1363 3624; x_wconf 83' lang='lat'>37:</span> 
     </span>
     <span class='ocr_line' id='line_1_35' title="bbox 203 3655 1366 3735; baseline 0 -19"><span class='ocrx_word' id='word_1_345' title='bbox 203 3658 282 3730; x_wconf 78' lang='lat' dir='ltr'>Quid</span> <span class='ocrx_word' id='word_1_346' title='bbox 306 3665 352 3718; x_wconf 89' lang='lat' dir='ltr'>est</span> <span class='ocrx_word' id='word_1_347' title='bbox 374 3656 452 3730; x_wconf 77' lang='lat' dir='ltr'>qood</span> <span class='ocrx_word' id='word_1_348' title='bbox 468 3658 602 3729; x_wconf 73' lang='lat' dir='ltr'>peceare</span> <span class='ocrx_word' id='word_1_349' title='bbox 645 3655 761 3720; x_wconf 88' lang='lat' dir='ltr'>Pseud.</span> <span class='ocrx_word' id='word_1_350' title='bbox 784 3655 815 3735; x_wconf 94' lang='lat' dir='ltr'>l,</span> <span class='ocrx_word' id='word_1_351' title='bbox 840 3661 874 3735; x_wconf 87' lang='lat'>3,</span> <span class='ocrx_word' id='word_1_352' title='bbox 897 3661 953 3720; x_wconf 80' lang='lat'>47:</span> <span class='ocrx_word' id='word_1_353' title='bbox 986 3660 1085 3720; x_wconf 92' lang='lat' dir='ltr'>Nimio</span> <span class='ocrx_word' id='word_1_354' title='bbox 1114 3661 1145 3720; x_wconf 91' lang='lat' dir='ltr'>id</span> <span class='ocrx_word' id='word_1_355' title='bbox 1171 3662 1248 3733; x_wconf 76' lang='lat' dir='ltr'>quod</span> <span class='ocrx_word' id='word_1_356' title='bbox 1273 3659 1366 3733; x_wconf 82' lang='lat' dir='ltr'>pedet</span> 
     </span>
     <span class='ocr_line' id='line_1_36' title="bbox 202 3751 1363 3834; baseline 0.002 -21"><span class='ocrx_word' id='word_1_357' title='bbox 202 3755 321 3814; x_wconf 87' lang='lat' dir='ltr'>facilius</span> <span class='ocrx_word' id='word_1_358' title='bbox 345 3755 442 3813; x_wconf 83' lang='lat' dir='ltr'>fertur</span> <span class='ocrx_word' id='word_1_359' title='bbox 465 3772 552 3828; x_wconf 89' lang='lat' dir='ltr'>quam</span> <span class='ocrx_word' id='word_1_360' title='bbox 573 3757 641 3814; x_wconf 89' lang='lat' dir='ltr'>illut</span> <span class='ocrx_word' id='word_1_361' title='bbox 663 3756 741 3827; x_wconf 76' lang='lat' dir='ltr'>qood</span> <span class='ocrx_word' id='word_1_362' title='bbox 756 3756 847 3829; x_wconf 70' lang='lat' dir='ltr'>moer.</span> <span class='ocrx_word' id='word_1_363' title='bbox 893 3751 990 3817; x_wconf 88' lang='lat' dir='ltr'>Stich.</span> <span class='ocrx_word' id='word_1_364' title='bbox 1012 3754 1037 3832; x_wconf 94' lang='lat' dir='ltr'>l,</span> <span class='ocrx_word' id='word_1_365' title='bbox 1061 3760 1091 3834; x_wconf 87' lang='lat'>2,</span> <span class='ocrx_word' id='word_1_366' title='bbox 1115 3761 1168 3820; x_wconf 78' lang='lat'>65:</span> <span class='ocrx_word' id='word_1_367' title='bbox 1192 3760 1290 3818; x_wconf 89' lang='lat' dir='ltr'>Pridie</span> <span class='ocrx_word' id='word_1_368' title='bbox 1314 3775 1363 3816; x_wconf 86' lang='lat' dir='ltr'>oa·</span> 
     </span>
     <span class='ocr_line' id='line_1_37' title="bbox 205 3849 1363 3930; baseline -0.001 -18"><span class='ocrx_word' id='word_1_369' title='bbox 205 3860 333 3912; x_wconf 83' lang='lat' dir='ltr'>veatae</span> <span class='ocrx_word' id='word_1_370' title='bbox 356 3851 449 3911; x_wconf 87' lang='lat' dir='ltr'>iaciat</span> <span class='ocrx_word' id='word_1_371' title='bbox 472 3853 550 3925; x_wconf 77' lang='lat' dir='ltr'>qood</span> <span class='ocrx_word' id='word_1_372' title='bbox 567 3853 669 3925; x_wconf 68' lang='lat' dir='ltr'>mosoc</span> <span class='ocrx_word' id='word_1_373' title='bbox 689 3855 845 3928; x_wconf 88' lang='lat' dir='ltr'>postridie.</span> <span class='ocrx_word' id='word_1_374' title='bbox 891 3849 958 3914; x_wconf 91' lang='lat' dir='ltr'>Mil.</span> <span class='ocrx_word' id='word_1_375' title='bbox 981 3850 1046 3930; x_wconf 92' lang='grc' dir='ltr'>ΙΙΙ,</span> <span class='ocrx_word' id='word_1_376' title='bbox 1072 3859 1102 3930; x_wconf 91' lang='lat'>1,</span> <span class='ocrx_word' id='word_1_377' title='bbox 1130 3859 1203 3917; x_wconf 85' lang='lat'>145:</span> <span class='ocrx_word' id='word_1_378' title='bbox 1241 3855 1296 3914; x_wconf 80' lang='lat' dir='ltr'>Nil</span> <span class='ocrx_word' id='word_1_379' title='bbox 1317 3870 1363 3913; x_wconf 91' lang='lat' dir='ltr'>me</span> 
     </span>
     <span class='ocr_line' id='line_1_38' title="bbox 200 3949 1365 4030; baseline 0.001 -22"><span class='ocrx_word' id='word_1_380' title='bbox 200 3949 411 4022; x_wconf 68' lang='lat' dir='ltr'>pomerariam</span> <span class='ocrx_word' id='word_1_381' title='bbox 434 3951 694 4024; x_wconf 88' lang='lat' dir='ltr'>quantosumptui</span> <span class='ocrx_word' id='word_1_382' title='bbox 717 3950 823 4010; x_wconf 87' lang='lat' dir='ltr'>fuerim</span> <span class='ocrx_word' id='word_1_383' title='bbox 855 3951 918 4010; x_wconf 88' lang='lat' dir='ltr'>tibi.</span> <span class='ocrx_word' id='word_1_384' title='bbox 963 3949 1078 4014; x_wconf 85' lang='lat' dir='ltr'>Bacch.</span> <span class='ocrx_word' id='word_1_385' title='bbox 1102 3951 1139 4029; x_wconf 91' lang='lat' dir='ltr'>V,</span> <span class='ocrx_word' id='word_1_386' title='bbox 1169 3957 1204 4030; x_wconf 92' lang='grc'>2,</span> <span class='ocrx_word' id='word_1_387' title='bbox 1233 3955 1288 4015; x_wconf 87' lang='grc'>63;</span> <span class='ocrx_word' id='word_1_388' title='bbox 1321 3949 1365 4009; x_wconf 78' lang='lat' dir='ltr'>mil</span> 
     </span>
     <span class='ocr_line' id='line_1_39' title="bbox 200 4045 1362 4123; baseline 0.001 -20"><span class='ocrx_word' id='word_1_389' title='bbox 200 4047 331 4118; x_wconf 77' lang='lat' dir='ltr'>pometec</span> <span class='ocrx_word' id='word_1_390' title='bbox 359 4053 393 4105; x_wconf 93' lang='lat' dir='ltr'>ut</span> <span class='ocrx_word' id='word_1_391' title='bbox 416 4048 470 4107; x_wconf 89' lang='lat' dir='ltr'>sim</span> <span class='ocrx_word' id='word_1_392' title='bbox 494 4055 644 4122; x_wconf 87' lang='lat' dir='ltr'>acceptus.</span> <span class='ocrx_word' id='word_1_393' title='bbox 689 4045 804 4110; x_wconf 91' lang='lat' dir='ltr'>Pseud.</span> <span class='ocrx_word' id='word_1_394' title='bbox 833 4046 863 4123; x_wconf 93' lang='lat' dir='ltr'>l,</span> <span class='ocrx_word' id='word_1_395' title='bbox 896 4050 931 4120; x_wconf 87' lang='grc'>3,</span> <span class='ocrx_word' id='word_1_396' title='bbox 963 4051 1018 4109; x_wconf 85' lang='lat'>74:</span> <span class='ocrx_word' id='word_1_397' title='bbox 1056 4049 1150 4109; x_wconf 80' lang='lat' dir='ltr'>Nilne</span> <span class='ocrx_word' id='word_1_398' title='bbox 1178 4055 1205 4109; x_wconf 83' lang='lat' dir='ltr'>te</span> <span class='ocrx_word' id='word_1_399' title='bbox 1227 4048 1362 4110; x_wconf 76' lang='lat' dir='ltr'>miseret?</span> 
     </span>
     <span class='ocr_line' id='line_1_40' title="bbox 204 4139 1363 4220; baseline 0 -17"><span class='ocrx_word' id='word_1_400' title='bbox 204 4139 319 4205; x_wconf 82' lang='lat' dir='ltr'>Caecil.</span> <span class='ocrx_word' id='word_1_401' title='bbox 344 4141 427 4208; x_wconf 81' lang='lat' dir='ltr'>stat.</span> <span class='ocrx_word' id='word_1_402' title='bbox 450 4141 591 4206; x_wconf 90' lang='lat' dir='ltr'>Plocium</span> <span class='ocrx_word' id='word_1_403' title='bbox 614 4140 651 4204; x_wconf 84' lang='lat' dir='ltr'>fr.</span> <span class='ocrx_word' id='word_1_404' title='bbox 676 4148 708 4205; x_wconf 85' lang='lat'>5:</span> <span class='ocrx_word' id='word_1_405' title='bbox 746 4146 891 4212; x_wconf 80' lang='lat' dir='ltr'>Prcdebat,</span> <span class='ocrx_word' id='word_1_406' title='bbox 922 4147 1028 4220; x_wconf 89' lang='lat' dir='ltr'>credo,</span> <span class='ocrx_word' id='word_1_407' title='bbox 1052 4152 1363 4206; x_wconf 77' lang='lat' dir='ltr'>commemoromemium</span> 
     </span>
     <span class='ocr_line' id='line_1_41' title="bbox 203 4238 1363 4322; baseline 0.003 -23"><span class='ocrx_word' id='word_1_408' title='bbox 203 4242 308 4315; x_wconf 90' lang='lat' dir='ltr'>stupri.</span> <span class='ocrx_word' id='word_1_409' title='bbox 356 4239 484 4302; x_wconf 87' lang='lat' dir='ltr'>Terent.</span> <span class='ocrx_word' id='word_1_410' title='bbox 508 4238 643 4318; x_wconf 81' lang='lat' dir='ltr'>Adelph.</span> <span class='ocrx_word' id='word_1_411' title='bbox 666 4239 698 4319; x_wconf 92' lang='grc' dir='ltr'>Ι,</span> <span class='ocrx_word' id='word_1_412' title='bbox 729 4245 762 4317; x_wconf 92' lang='grc'>2,</span> <span class='ocrx_word' id='word_1_413' title='bbox 793 4245 896 4318; x_wconf 66' lang='lat' dir='ltr'>ise:</span> <span class='ocrx_word' id='word_1_414' title='bbox 934 4261 1019 4316; x_wconf 89' lang='lat' dir='ltr'>quem</span> <span class='ocrx_word' id='word_1_415' title='bbox 1048 4260 1143 4318; x_wconf 90' lang='lat' dir='ltr'>neque</span> <span class='ocrx_word' id='word_1_416' title='bbox 1165 4246 1259 4317; x_wconf 79' lang='lat' dir='ltr'>pedet</span> <span class='ocrx_word' id='word_1_417' title='bbox 1279 4245 1363 4322; x_wconf 74' lang='lat' dir='ltr'>Quir-</span> 
     </span>
    </p>
   </div>
   <div class='ocr_carea' id='block_1_5' title="bbox 0 0 1524 4758">
    <p class='ocr_par' dir='ltr' id='par_1_5' title="bbox 0 0 1524 4758">
     <span class='ocr_line' id='line_1_42' title="bbox 0 0 1524 4758; baseline 0 0"><span class='ocrx_word' id='word_1_418' title='bbox 0 0 1524 4758; x_wconf 95' lang='lat' dir='ltr'> </span> 
     </span>
    </p>
   </div>
  </div>
 </body>
</html>
