3004 4764
382 288 408 326 V.
434 283 603 326 rnououuvo
618 281 790 322 mosamius
802 280 840 320 ΕΤ
862 277 1038 320 uouendum.
1227 283 1289 342 413

7 501 8 508 .
136 467 187 527 'Ex
214 464 283 524 nnis
314 463 459 536 mutuas·
479 461 551 520 mihi
582 458 721 520 conficies
754 459 883 540 nuutios.
927 453 977 520 De
1012 447 1186 531 composito
1214 465 1292 510 unum

145 563 277 636 quisquis
297 578 325 622 v.
350 554 376 640 ἓ.
400 562 450 622 22.
495 554 586 641 Quod
609 554 650 619 ad
671 553 847 620 numeralia
869 571 908 620 ex
932 548 1104 617 decadibus
1132 548 1164 611 et
1185 561 1293 610 mona·

106 735 113 750 ,
148 657 241 724 dibus
264 654 439 736 composita
461 653 590 730 attinet,
623 655 733 718 notum
764 657 813 716 est
843 655 899 716 aut
926 647 1076 714 decadem
1102 641 1292 708 antecedere

116 761 119 767 ’
149 754 277 820 monadi
302 753 369 820 sine
398 759 426 814 et
454 749 674 818 coniunctione
700 754 757 814 aut
781 750 947 814 monadem
973 743 1084 812 decedi
1106 747 1134 804 et
1153 739 1293 820 interpo-

148 853 219 918 sito.
263 851 313 916 Ab
340 850 399 916 hac
422 853 528 914 tamen
555 864 667 912 norma
695 864 918 928 nonnunquam
949 859 1109 910 recessum
1137 841 1197 904 est.
1241 833 1293 901 Sic

7 1011 8 1020 ,
145 949 226 1016 dixit
247 948 366 1014 Fabius
388 947 496 1012 Pictor
517 947 549 1011 in
572 943 674 1010 annal.
705 951 763 1026 (ap.
788 944 869 1010 Gell.
891 943 929 1019 V,
951 941 1001 1023 4):
1028 945 1094 1003 Rex
1117 939 1175 1001 luit
1199 954 1292 1001 annos

136 1050 248 1124 uiqinti
269 1054 298 1111 et
317 1055 419 1110 unuin
463 1043 565 1110 Plaut.
587 1043 654 1108 Mil.
678 1042 736 1122 111,
763 1049 789 1122 l,
815 1048 868 1108 35:
894 1046 969 1104 Nam
992 1041 1126 1117 equidem
1149 1040 1207 1098 han
1229 1051 1293 1096 sum

142 1165 235 1208 annos
257 1148 344 1207 nitus
371 1152 493 1221 praeter
518 1145 735 1218 quinquaqinta
761 1147 789 1203 ct
809 1141 954 1216 qnnnuor.
983 1137 1034 1203 Sic
1059 1132 1293 1211 Fleckeisenus,

140 1242 175 1306 in
196 1239 394 1323 praefatione
420 1244 527 1305 tamen
555 1258 583 1303 v.
608 1243 647 1303 26
677 1239 816 1319 scripsit:
850 1256 919 1317 „me
946 1234 1028 1302 male
1055 1231 1153 1298 habet
1172 1234 1294 1306 practer

143 1338 387 1421 praepositionis
411 1356 503 1402 usus:
533 1336 664 1418 quidsi
694 1355 732 1400 ca
758 1335 866 1400 deleta
896 1369 939 1378 -
965 1331 1184 1398 restituamus:
1217 1331 1294 1389 Nem

140 1442 279 1516 equidem
308 1440 367 1498 bau
394 1455 455 1498 sum
487 1438 573 1498 nitus
601 1453 693 1496 annos
716 1435 930 1509 quinquaqinta
951 1437 979 1492 ct
1006 1431 1072 1506 q.?“
1114 1426 1208 1492 Most
1234 1424 1293 1503 III,

147 1541 173 1616 l,
199 1540 273 1600 102:
307 1538 432 1614 quattor
454 1535 655 1609 quadraqiuta
681 1536 726 1595 illi
755 1534 900 1593 debentur
927 1532 1033 1592 minae.
1077 1527 1164 1587 Mille
1184 1541 1294 1588 nume-

144 1632 211 1700 rale
235 1637 268 1698 et
288 1649 346 1713 pro
370 1630 569 1696 substantivo
585 1635 737 1709 sequente
753 1628 893 1710 genitivo
909 1630 942 1690 et
956 1642 1014 1706 pro
1029 1623 1185 1688 adiectivo
1201 1639 1294 1686 usur·

7 1689 9 1700 .
139 1736 246 1812 patur.
292 1729 343 1795 Sic
372 1726 452 1792 Cato
480 1728 558 1809 orig.
588 1726 604 1790 Ι
633 1727 727 1803 (Geli.
751 1729 833 1790 noct.
858 1722 972 1800 Atel,
1006 1726 1055 1801 16,
1083 1718 1110 1802 ἓ.
1133 1722 1185 1799 4);
1220 1722 1293 1782 Indo

146 1839 194 1892 est
215 1830 308 1891 ferme
330 1827 411 1888 uitta
427 1831 551 1903 naemu
574 1823 639 1905 (qui
661 1830 711 1890 est
731 1822 889 1906 genitivus
911 1819 1065 1902 pluralis).
1094 1819 1130 1885 ci.
1152 1817 1293 1883 Bolhuis.

145 1931 201 1992 21:
224 1925 293 2007 ,Ex
314 1924 373 1989 hoc
396 1927 429 1989 et
451 1922 522 1988 aliis
544 1922 622 1988 locis
638 1921 731 1987 docet
747 1919 879 2000 Gellius,
901 1922 980 1980 mitte
995 1915 1149 1999 singulari
1163 1931 1294 1981 numero

143 2025 219 2105 poni
242 2019 389 2090 debere.“
434 2020 633 2086 Adiectivum
656 2025 707 2086 est
731 2018 834 2084 Plaut.
864 2016 977 2083 Bacch.
999 2014 1054 2094 IV,
1079 2021 1108 2096 9,
1131 2021 1165 2080 4:
1200 2018 1294 2090 Quom

143 2125 253 2185 Priami
274 2125 401 2198 patriam
424 2151 463 2164 -
490 2118 555 2196 [Et]
578 2121 658 2180 mitia
679 2137 802 2181 numero
824 2121 947 2180 nauium
967 2149 1011 2161 -
1033 2119 1220 2193 subegerunt.
1244 2111 1296 2178 sic

143 2223 317 2300 praeeunte
344 2217 490 2284 Beckero
513 2234 543 2299 p.
569 2216 808 2282 lRitschelius.
838 2215 928 2280 Libri
949 2216 1029 2276 mitte
1051 2233 1125 2292 anu,
1148 2230 1207 2293 pro
1230 2227 1292 2291 qua

145 2316 280 2380 formam
300 2318 451 2378 millenum
481 2313 631 2379 invehere
658 2313 792 2378 volebat
813 2312 1022 2376 Camerarius.
1066 2310 1116 2373 Ad
1143 2311 1294 2370 ordinalia

144 2413 229 2490 quod
250 2413 378 2490 attinet,
404 2403 609 2474 memorabile
632 2414 695 2488 est,
730 2427 749 2471 a
771 2408 870 2473 Fabio
892 2408 1018 2472 Pictore
1040 2406 1072 2470 in
1094 2405 1199 2471 annal.
1229 2404 1291 2486 (ap.

147 2506 227 2572 Gell.
244 2506 283 2586 V,
299 2509 331 2582 4)
355 2507 475 2570 dictum
496 2520 581 2571 csse:
603 2510 790 2583 Quapropter
814 2513 876 2568 tum
897 2508 1023 2583 primum
1046 2524 1083 2567 ex
1104 2507 1192 2581 plebe
1214 2509 1294 2566 alter

146 2608 251 2669 consul
273 2603 370 2666 lactus
394 2612 449 2679 est,
472 2605 691 2665 unoetvicesimo
715 2623 801 2678 anno,
824 2611 979 2681 postquam
998 2606 1120 2664 Romam
1144 2605 1222 2665 Galli
1245 2621 1293 2664 ce·

146 2711 269 2781 petunt,
294 2700 411 2766 etalio
434 2699 517 2766 loco:
548 2710 681 2764 mortuus
704 2710 751 2764 est
772 2721 849 2764 anno
870 2703 1098 2763 unetvicesima.
1143 2697 1294 2764 Ordinale

138 2803 256 2877 prinans
277 2799 435 2864 interdum
457 2799 503 2863 sic
524 2804 711 2879 usurpatur,
745 2805 781 2862 ut
807 2817 869 2864 non
896 2805 960 2862 tam
983 2797 1121 2878 primum
1152 2796 1304 2876 complu·

144 2899 226 2964 rium
249 2896 390 2963 eiusdem
413 2894 557 2978 generiS,
585 2895 641 2960 sed
663 2896 796 2976 primam
818 2902 941 2978 partem
971 2895 1105 2960 alicuius
1128 2894 1176 2958 rei
1197 2894 1294 2975 signi·

144 2993 227 3062 ficet.
272 2994 323 3060 Sic
344 2993 448 3059 Plaut.
472 2993 556 3057 Trin.
578 2991 633 3071 IV,
656 2999 685 3073 2,
708 2999 765 3060 43:
799 3014 903 3057 ameo
921 2996 1020 3069 primo
1041 2995 1170 3063 mantua,
1200 2993 1240 3057 ad
1262 3010 1292 3073 q.

144 3090 165 3155 l.
187 3092 345 3157 Lindem:
385 3091 434 3172 „h.
458 3109 485 3156 e.
509 3090 549 3156 ab
571 3090 660 3155 initio
684 3092 745 3156 mei
767 3093 909 3156 nominis
953 3093 1089 3153 Primnum
1110 3109 1214 3153 nonant
1244 3097 1294 3157 est

144 3190 332 3272 principium
355 3189 502 3269 nominis,
531 3191 568 3252 ut
583 3191 687 3264 puna
708 3210 784 3262 noa,
809 3193 941 3266 numum
962 3208 1048 3251 nane
1067 3207 1126 3270 pro
1149 3208 1186 3255 eo
1209 3189 1293 3269 quod

144 3289 261 3355 dicitur
282 3286 408 3352 initium
434 3285 551 3366 noctis,
582 3286 676 3352 diei.“
720 3288 847 3353 Terent.
871 3287 1005 3368 Adelph.
1028 3286 1108 3368 prol.
1136 3305 1163 3351 v.
1188 3291 1223 3352 9:
1261 3291 1293 3350 in

138 3391 244 3464 puna
265 3387 385 3461 sabulo,
417 3381 448 3448 h.
472 3401 499 3448 e.
526 3383 558 3448 io
587 3384 690 3466 prima
717 3384 843 3451 fabulae
870 3391 972 3466 parte.
1017 3384 1141 3449 Neutra
1168 3384 1292 3449 ordina-

144 3486 220 3550 lium
242 3501 300 3566 pro
323 3480 480 3547 adverbiis
503 3481 644 3547 ordinem
667 3480 916 3564 significantibus
932 3488 1101 3564 ponuntur.
1133 3482 1184 3548 Sic
1199 3482 1293 3546 Ennii

144 3583 246 3648 annal.
269 3579 356 3659 VIII,
378 3577 417 3643 ir.
443 3583 492 3643 19:
530 3583 656 3655 Quintus
682 3587 770 3658 pater
791 3587 931 3656 quartum
956 3583 991 3643 lit
1018 3585 1134 3656 consul,
1165 3599 1194 3644 v.
1219 3578 1293 3644 Gel-

143 3677 221 3744 lium
243 3680 287 3760 X,
322 3682 394 3742 let
415 3677 553 3743 Nonium
574 3673 619 3752 in·
629 3677 832 3744 adnotatione
855 3678 998 3745 Vahleni.
1043 3678 1116 3743 Alia
1141 3675 1292 3742 adverbia

146 3780 221 3841 suut
246 3773 472 3857 respondentia
493 3775 542 3841 ad.
556 3776 787 3856 quaestionem:
815 3779 945 3853 quaties?
990 3780 1129 3852 Quorum
1151 3781 1195 3836 ter
1216 3791 1291 3839 non·

145 3889 306 3954 nunquam
326 3891 386 3955 per
401 3867 448 3951 ὑφ’
474 3876 505 3934 ἓν
527 3890 598 3938 cum
620 3873 817 3939 substantivo
839 3875 989 3939 inunum
1011 3872 1198 3939 vocabulum
1221 3889 1292 3938 coa-

145 3969 245 4035 lescit.
290 3971 341 4038 Sic
369 3970 485 4036 dicitur
511 3988 531 4034 a
557 3969 672 4036 Plauto
699 3971 814 4037 Bacch.
837 3971 892 4052 IV,
916 3977 945 4052 7,
971 3976 1009 4036 lb
1038 3973 1205 4046 tuomefiee
1231 3988 1291 4053 pro

144 4068 279 4132 maximo
302 4064 454 4148 venefico,
478 4068 554 4133 alibi
576 4071 702 4138 tenaci,
729 4087 800 4134 cum
823 4070 937 4151 quibus
960 4069 1138 4150 comparari
1159 4072 1292 4148 possunt

144 4167 249 4245 trifon,
273 4166 451 4249 tnrnraifer.
475 4185 503 4232 v.
517 4165 654 4252 Pareum
675 4165 782 4231 inlex.
798 4166 901 4233 Plaut.
916 4168 1192 4237 Dutnbunnornm,
1214 4183 1292 4249 quo·

144 4279 217 4328 rum
239 4281 316 4330 usus
338 4268 432 4350 potus
454 4269 504 4332 est
525 4270 558 4329 et
579 4264 632 4330 vel
653 4281 691 4330 ex
712 4265 842 4330 nomine
859 4268 965 4346 patet,
998 4265 1142 4347 exempla
1162 4270 1292 4346 praeter
