3064 4754
204 221 266 282 192
654 209 810 252 suasurus.
825 211 887 252 ear.
902 211 943 252 ιιι.

204 387 254 450 vis
276 403 296 448 a
319 383 461 449 subiecto
485 390 664 466 exercetur,
684 387 715 450 in
737 385 945 466 grammatica
971 383 1031 448 hoc
1057 383 1155 447 verbo
1185 383 1361 446 densatam?

207 479 423 564 significatur,
445 486 478 545 et
508 501 547 546 ea
569 483 680 561 verba,
709 499 791 560 quae
814 500 915 562 nsque
937 483 978 547 od
1000 482 1060 546 hoc
1082 480 1247 560 fastigium
1269 485 1361 559 pote-

130 593 134 599 ‘
192 573 300 645 'statis
323 577 414 658 quasi
430 595 464 642 se
480 577 688 658 explicantem
704 581 860 644 actionem
878 577 1065 660 significant,
1088 577 1188 643 verba
1200 580 1362 640 menatae

206 678 427 754 nominantur,
461 675 604 756 adeoque
627 678 696 758 ipse
719 678 920 742 accusativus
943 677 1016 742 inde
1039 676 1181 756 pendens
1204 673 1361 739 accusati·

208 794 268 840 vus
290 773 486 838 transitivas.
532 773 683 840 Fortasse
704 776 757 839 vix
780 775 879 838 ullum
901 776 1035 840 verbum
1057 782 1115 851 est,
1138 772 1224 853 quod
1246 771 1364 835 transi·

209 875 309 938 tivum
331 869 401 935 fieri
424 889 518 950 posse
541 871 634 951 plano
655 872 837 952 negandum
861 872 911 950 sit,
941 874 997 937 sed
1021 872 1081 936 hoc
1103 869 1237 936 diversis
1259 868 1362 932 modis

209 969 280 1034 fieri
303 987 398 1049 posse
421 987 482 1034 usu
504 968 654 1049 loquendi
676 971 835 1036 docemur.
865 969 899 1035 Ο.
923 971 958 1033 Ε,
984 968 1057 1040 Chr.
1087 957 1301 1034 Schneiderus
1323 983 1362 1028 ea

211 1069 312 1133 verba
333 1067 503 1132 transitiva
532 1084 603 1130 esse
633 1066 775 1148 volebat,
804 1085 886 1146 quae
914 1066 1010 1131 talem
1039 1065 1175 1131 subiecti
1204 1063 1361 1128 actionum

213 1165 442 1246 exprimerent,
471 1181 553 1244 quac
583 1181 622 1226 ex
652 1165 721 1229 eius
749 1165 913 1230 voluntate
942 1164 1075 1244 eiusque
1103 1163 1204 1227 libero
1228 1161 1361 1225 arbitrio

211 1263 365 1344 prodiret,
387 1261 590 1325 intransitiva
612 1267 722 1326 contra
745 1280 792 1340 ea,
814 1262 847 1326 in
869 1263 985 1342 quibus
1008 1261 1091 1326 actio
1112 1259 1244 1324 fortuito
1260 1256 1361 1322 fieret.

213 1361 303 1439 Quae
333 1359 491 1424 sententia
518 1375 581 1422 non
609 1359 694 1422 omni
725 1367 877 1440 exparte
900 1378 976 1424 vera
999 1365 1064 1437 est,
1093 1359 1232 1437 alioquin
1256 1357 1363 1435 verba,

211 1459 320 1538 qualia
347 1464 422 1522 sunt
455 1461 655 1527 tracturae
687 1461 759 1522 cett
797 1457 965 1522 transitiva
999 1475 1069 1520 esse
1105 1473 1237 1519 necesse
1270 1459 1363 1530 esset,

213 1557 360 1634 quoniam
385 1555 466 1618 actio
492 1553 587 1618 eundi
610 1557 698 1618 certo
721 1572 783 1618 non
806 1555 910 1617 minus
932 1553 1111 1618 voluntaria
1133 1557 1184 1616 est
1200 1570 1305 1631 quarn,
1328 1555 1364 1614 ut

212 1654 272 1718 hoc
294 1659 377 1730 utar,
401 1649 599 1715 verberandi.
645 1650 750 1714 Nihilo
773 1657 879 1715 tamen
901 1653 1005 1716 minus
1029 1651 1148 1730 aliquid
1172 1649 1240 1714 veri
1266 1651 1299 1712 in
1327 1666 1365 1712 ea

213 1753 305 1828 inest,
329 1750 422 1814 modo
444 1749 513 1828 hoc,
538 1754 645 1812 utrum
668 1750 752 1814 actio
775 1768 812 1813 ex
835 1751 1000 1814 voluntate
1021 1751 1155 1830 prodeat
1177 1767 1216 1811 an
1233 1747 1364 1811 fortuito

214 1845 286 1926 fiat,
322 1864 386 1910 non
413 1847 445 1908 in
468 1847 593 1910 actione
620 1847 691 1925 ipsa
716 1848 947 1928 investigetur,
986 1847 1042 1912 sed
1069 1848 1175 1928 potius
1203 1847 1236 1908 in
1265 1845 1366 1909 libera

215 1948 374 2025 potestate
397 1943 560 2019 eligendae
583 1945 638 2022 rei,
662 1963 757 2023 quam
773 1950 854 2010 actio
872 1946 1094 2026 complectitur
1108 1962 1234 2024 quaque
1250 1949 1367 2004 natura

216 2043 285 2106 eius
308 2048 451 2120 apparet.
475 2041 538 2104 Sed
553 2045 590 2105 ut
605 2041 645 2105 ad
659 2043 857 2121 propositum
880 2049 1023 2108 nostrum
1046 2049 1257 2118 revertamur,
1283 2039 1365 2102 ratio

217 2156 299 2217 quae
328 2139 361 2201 in
389 2138 450 2202 hoc
476 2156 594 2218 genere
621 2139 706 2202 inter
741 2138 917 2202 subiectum
953 2146 987 2203 et
1013 2141 1169 2204 obiectum
1201 2138 1367 2201 voluntate

216 2236 352 2301 subiecti
375 2235 509 2299 electum
533 2236 717 2315 intercedit,
740 2241 872 2312 effectum
895 2235 1052 2315 significat
1075 2243 1108 2300 et
1130 2237 1291 2300 obiectum
1312 2235 1369 2297 aut

215 2334 247 2397 id
269 2333 374 2413 ipsum
397 2338 455 2414 est,
479 2335 565 2413 quod
586 2337 722 2399 allicitur
746 2335 842 2408 (unde
865 2336 897 2397 in
919 2334 979 2399 hoc
1002 2353 1118 2415 genere
1141 2351 1234 2398 casus
1249 2332 1372 2400 rectius

215 2435 386 2494 causativus
413 2431 657 2513 appellaretur),
694 2438 751 2497 aut
776 2451 909 2508 persona
935 2435 981 2494 uel
1001 2451 1062 2508 res,
1099 2435 1133 2492 ta
1159 2451 1219 2506 qua
1250 2435 1371 2506 effectas

217 2537 356 2608 apparet,
387 2535 419 2594 et
441 2530 610 2609 utrobique
633 2531 759 2611 quidem
784 2531 837 2608 sic,
862 2534 898 2594 ut
919 2530 998 2595 haec
1021 2528 1212 2610 significatio
1236 2527 1370 2592 effectus

217 2643 350 2706 prorsus
373 2625 461 2691 intra
484 2628 638 2693 actionem
663 2629 754 2708 quasi
769 2630 996 2693 decurrentem
1021 2627 1120 2693 cadat.
1166 2626 1297 2689 Etcum
1319 2643 1374 2690 ac·

217 2723 351 2788 cusalivi
381 2725 462 2788 ratio
490 2729 523 2788 et
553 2732 669 2788 natura
696 2727 728 2788 in
760 2725 820 2788 hoc
847 2743 965 2804 genere
998 2725 1184 2789 clarissime
1205 2727 1372 2804 appareat,

217 2825 285 2883 tum
309 2822 487 2899 discrimen,
511 2822 594 2902 quod
618 2822 788 2887 intercedit
808 2823 893 2886 inter
915 2823 1072 2888 actionem
1094 2823 1315 2903 productivum
1339 2825 1373 2884 et

219 2919 421 2996 receptivam,
444 2918 476 2981 in
492 2918 550 2983 hoc
573 2937 692 3000 genere
714 2921 849 2984 maxime
873 2927 923 2984 est
936 2921 1149 3001 perspicuum.
1173 2919 1272 2998 Atqui
1288 2918 1372 2982 actio

218 3015 408 3094 productiva
429 3015 514 3096 talis,
536 3016 569 3080 in
592 3035 655 3096 qua
677 3018 792 3082 obiecti
814 3017 952 3098 eligendi
974 3023 1118 3098 potestas
1140 3019 1304 3082 liberrima
1319 3017 1371 3096 sit,

220 3112 247 3175 si
279 3125 427 3176 accurate
460 3133 528 3177 rem
567 3121 706 3194 spectes,
745 3114 776 3177 in
804 3115 842 3178 iis
870 3115 971 3180 solum
1008 3116 1179 3196 generibus
1213 3117 1373 3180 actionum

220 3225 375 3287 apparere
404 3217 519 3289 potest,
554 3228 688 3289 quarum
719 3216 835 3276 natura
864 3213 967 3294 ipsum
998 3213 1140 3294 cogitare
1168 3218 1234 3292 est,
1267 3213 1312 3276 ita
1337 3217 1374 3276 ut

223 3304 300 3368 nihil
325 3306 386 3370 nisi
407 3308 477 3387 ipsa
499 3309 651 3389 cogitatio
674 3327 732 3389 per
755 3327 789 3374 se
813 3316 958 3391 spectata
975 3311 1132 3374 obiectum
1150 3311 1374 3390 productivum

222 3419 294 3466 esse
317 3405 428 3482 possit.
475 3405 657 3486 Cogitatum
680 3412 788 3472 autem
817 3409 966 3488 quiddam
995 3409 1213 3472 enunciatione
1242 3407 1375 3488 exprimi

221 3517 351 3564 necesse
375 3507 477 3566 estet
499 3504 571 3567 inde
594 3504 696 3568 oritur
711 3505 906 3568 constructio
923 3506 1096 3570 accusativi
1120 3525 1189 3570 cum
1210 3503 1375 3583 infinitivo,

226 3614 290 3675 qua
319 3597 446 3677 plenum
484 3606 580 3680 atque
615 3603 777 3682 integrum
813 3602 985 3680 cogitatum
1021 3602 1185 3682 profertur
1221 3609 1375 3682 tanquam

223 3693 384 3760 obiectum
411 3696 501 3762 verbi
530 3698 698 3778 cogitandi.
750 3698 1028 3764 Constructionem
1061 3700 1142 3764 hanc
1172 3700 1270 3764 etiam
1297 3705 1376 3778 tum,

224 3809 294 3854 cum
325 3793 503 3859 subiectum
539 3792 576 3858 fit
608 3796 857 3876 enuntiationis,
896 3797 1029 3862 eandem
1065 3804 1210 3862 naturam
1244 3797 1377 3876 cogitati

224 3889 387 3953 cuiusdam
409 3910 487 3971 prae
511 3909 545 3955 se
568 3892 663 3972 ferre,
684 3893 747 3957 iam
771 3894 1002 3972 supradictum
1026 3899 1083 3959 est.
1108 3895 1198 3959 idem
1217 3895 1378 3959 usuvenit

225 3985 258 4049 in
287 3988 393 4052 verbis
421 3988 602 4070 affectuum,
625 3991 696 4069 ubi,
715 3999 717 4006 '
733 3991 759 4055 si
786 3991 899 4055 leviter
926 4009 993 4056 rem
1017 4000 1160 4073 spectas,
1199 3991 1377 4056 enunciatio

226 4084 382 4151 eiusmodi
404 4106 461 4167 per
484 4089 699 4152 accusativum
723 4089 808 4152 elata
834 4106 896 4152 non
921 4089 985 4153 tale
1016 4090 1175 4155 obiectum
1200 4089 1377 4168 exprimere

225 4181 360 4264 videtur,
389 4186 473 4263 quod
496 4185 597 4249 libero
620 4185 753 4250 arbitrio
774 4185 909 4274 subiecti
932 4188 975 4251 sit
994 4187 1138 4252 electum.
1185 4186 1248 4251 Sed
1271 4187 1302 4249 iu
1324 4184 1374 4248 his
