3064 4754
460 271 549 312 CASUS
564 273 832 320 sunsnnnmonw.
846 295 871 310 ι·-
885 275 1024 318 ΑΟΟΙΙΒΔΤ.
1241 285 1302 344 197

148 449 272 510 mura
286 466 352 510 cum
368 447 444 508 misi.
468 443 616 528 Thyestis
637 447 675 514 ir.
702 453 751 530 11,
774 467 802 516 v.
818 452 896 516 404:
920 452 1021 514 Nolito
1036 451 1181 528 hospites,
1204 450 1245 514 ad
1257 467 1304 514 aaa

146 547 239 608 adire.
266 542 503 610 Pancratiastes
524 543 562 609 fr.
586 549 619 610 2:
644 549 684 608 ad
703 565 802 625 gaura
822 549 942 612 accidit
986 544 1188 612 Euhemerus
1210 544 1249 610 ir.
1272 550 1303 624 9,

145 646 203 708 43:
229 644 271 705 ud
291 661 358 706 cuna
378 643 408 704 in
432 645 478 706 ias
502 646 669 707 veniebant·
702 643 742 712 fr.
765 651 814 726 12,
838 648 892 710 7οε
919 645 960 706 ad
980 645 1049 706 deca
1070 645 1153 706 abiit.
1177 641 1302 710 clauc

145 738 240 806 Most.
263 740 301 818 V,
325 745 355 821 2,
378 744 433 806 23:
461 744 591 818 accipito
613 745 691 806 hano
717 743 808 822 [tute]
832 745 874 806 ud
893 749 920 806 tc
942 745 1033 805 litem.
1077 738 1166 806 Pers.
1193 738 1249 820 iv,
1272 744 1303 820 5,

145 841 178 902 6:
203 846 234 901 tc
258 840 298 900 act
317 857 364 900 mo
385 841 522 916 recipito.
556 838 644 906 Pers.
667 840 693 920 Ι,
719 846 825 920 1‚47:
854 844 957 918 recipe
979 847 1010 902 tc
1037 838 1079 900 aa
1098 856 1152 904 ma
1185 835 1302 904 Baetin

143 935 200 1017 iv,
225 941 254 1016 5,
277 940 315 1002 8:
339 939 544 1002 Adambalebo
566 941 607 1000 cd
627 942 741 1003 oanan.
764 937 851 1004 Tn'n.
874 936 935 1018 ΙΠ,
957 942 986 1016 2,
1010 940 1067 1006 93:
1089 938 1157 998 Nisi
1177 930 1223 998 nii
1237 954 1302 1000 sar·

144 1037 241 1098 cinam
270 1038 471 1114 constringam
502 1044 534 1098 et
560 1041 699 1116 clupeam
725 1039 765 1100 ad
784 1038 907 1101 dorsuna
935 1035 1168 1100 adcommodata.
1210 1032 1301 1098 Pero.

143 1132 181 1213 V,
205 1137 235 1211 2,
261 1137 317 1198 15:
353 1151 391 1196 ne
414 1142 444 1194 te
468 1135 509 1194 ad
530 1140 651 1206 carran
674 1138 781 1210 scelus,
805 1135 953 1212 adfligam.
998 1132 1085 1198 Asin
1108 1129 1169 1210 ΠΙ,
1192 1136 1222 1212 3,
1245 1133 1301 1198 90:

144 1233 222 1308 Quin
245 1233 288 1294 ud
309 1235 396 1311 nnnc,
418 1229 598 1308 Phileninm,
621 1233 811 1309 adgredimur
832 1231 897 1293 -i
930 1229 1029 1296 Mero.
1056 1229 1145 1310 11,1,
1168 1233 1224 1296 24:
1261 1229 1305 1292 ad

141 1341 187 1392 nnc
207 1331 321 1394 haedus
344 1333 439 1394 visast
461 1331 655 1408 adgredirier.
677 1327 795 1394 Bacch.
818 1327 856 1408 V,
880 1334 909 1408 2,
933 1333 983 1396 32.
1006 1327 1106 1394 Mero.
1126 1326 1169 1407 11,
1192 1332 1223 1406 2,
1245 1330 1301 1392 62:

141 1430 186 1490 Na
209 1429 259 1490 hic
281 1429 425 1491 odiliam
446 1447 494 1489 me
517 1431 645 1490 animum
668 1428 814 1490 adiecisse
836 1428 937 1504 aliqua
959 1429 1079 1490 eandm.
1103 1424 1191 1492 Asin
1202 1423 1258 1504 IV,
1273 1430 1301 1505 l,

142 1529 198 1590 24:
236 1525 289 1586 Aa
308 1543 409 1587 corum
432 1543 470 1588 no
492 1543 668 1601 quemquam
690 1528 793 1588 oculos
820 1525 931 1587 adiciat
953 1541 1032 1588 anos.
1075 1521 1165 1588 Pers.
1187 1521 1247 1601 ΙΠ,
1273 1527 1303 1602 l,

144 1627 199 1688 19:
222 1625 299 1686 Nam
321 1624 363 1684 ad
379 1629 588 1703 paupertatem
610 1626 636 1684 si
658 1625 827 1700 admigrant
846 1622 997 1686 infamiae.
1020 1619 1119 1688 Mero.
1142 1617 1181 1700 V,
1197 1624 1226 1690 2,
1242 1623 1302 1686 23:

139 1723 251 1784 Nescio
274 1723 363 1797 quoia
384 1739 441 1783 vox
463 1723 505 1783 ud
525 1723 611 1784 auria
633 1724 674 1782 mi
695 1722 860 1798 advolavit,
889 1717 927 1784 ci.
971 1717 1087 1798 inan.
1124 1717 1150 1782 Ι.
1178 1723 1204 1797 i,
1231 1721 1302 1786 169.

140 1815 228 1883 Pers.
251 1817 295 1895 H,
318 1823 348 1897 2,
373 1823 430 1884 53:
468 1817 522 1878 Ad
540 1837 601 1880 uos.
635 1815 817 1883 SOPH.At
841 1821 970 1896 polege
993 1819 1034 1880 ud
1053 1833 1105 1882 oca
1127 1813 1192 1895 (mc
1213 1813 1302 1896 ago).

139 1913 222 1980 itud.
238 1914 297 1994 111,
324 1920 350 1994 i,
371 1919 407 1979 6:
444 1916 497 1976 Ad
521 1917 751 1978 hirundininum
780 1916 885 1978 nidum
917 1918 1011 1978 visast
1045 1918 1134 1978 simia
1161 1916 1302 1978 ananan·

140 2032 227 2076 onem
256 2023 291 2076 nt
316 2013 432 2076 iaceret
465 2015 646 2078 admolirier.
690 2012 786 2078 Most
818 2011 845 2090 Ι,
868 2017 897 2089 3,
919 2018 940 2078 4
963 2029 1028 2092 aa:
1075 2014 1154 2090 Quid
1175 2029 1213 2075 ea
1233 2029 1307 2077 nam,

139 2113 248 2173 messis
271 2113 381 2175 attinet
403 2112 443 2171 ad
463 2129 559 2172 meum
580 2112 777 2174 tundnau?
799 2108 859 2174 SC.
880 2113 983 2174 Nihilo
1003 2113 1072 2188 plns
1088 2128 1176 2188 quam
1190 2111 1310 2174 lavatio·

138 2215 191 2270 taa
219 2209 260 2270 od
284 2211 410 2272 massua
447 2206 535 2273 Pers.
564 2207 607 2286 II,
631 2211 660 2287 2,
684 2213 739 2274 53:
764 2211 842 2286 Quid
864 2211 895 2270 id
917 2211 1007 2270 odic
1033 2209 1301 2285 attencti4,13:

139 2307 211 2382 qaid
234 2308 385 2368 autemid
407 2307 515 2368 addc?
558 2303 648 2370 Pers.
680 2321 710 2368 ν.
733 2309 810 2370 497;
843 2309 909 2368 Hae
931 2308 1003 2383 qnid
1034 2307 1074 2366 ad
1093 2306 1159 2367 nac?
1203 2299 1301 2374 TOX.

141 2405 235 2466 Immo
258 2406 300 2466 ud
320 2409 347 2465 cc
369 2407 506 2468 attinent.
529 2401 627 2468 Mero.
649 2401 812 2482 11,1,28:
835 2405 901 2466 Hoc
922 2421 1014 2479 guum
1035 2403 1076 2467 ad
1095 2420 1159 2464 rcus
1181 2402 1303 2464 credam

138 2503 294 2580 portinere
317 2505 471 2564 somnium.
501 2499 601 2566 Mero.
623 2499 650 2579 I,
674 2504 702 2578 l,
725 2504 782 2565 32:
807 2503 890 2576 Quae
912 2503 987 2564 nihil
1009 2505 1160 2578 attingunt
1175 2500 1300 2562 adrem.

139 2595 212 2664 Aul.
240 2597 300 2677 III,
324 2602 354 2676 5,
377 2604 435 2664 52:
471 2601 511 2660 ad
526 2605 710 2674 pomruncun
733 2600 822 2659 cedit
867 2597 938 2662 Aul.
961 2597 1005 2677 Π,
1028 2601 1058 2677 8,
1085 2602 1138 2663 13:
1160 2599 1304 2660 decessit

140 2698 256 2760 animus
279 2697 319 2756 ad
339 2713 434 2760 menan
455 2699 638 2760 anundum.
660 2694 751 2760 Pers.
772 2713 801 2758 v.
825 2697 902 2760 605:
925 2699 997 2758 Inbc
1020 2697 1090 2758 dam
1112 2713 1150 2758 ca
1171 2698 1228 2756 hoc
1250 2712 1301 2756 aa·

140 2795 230 2856 cedat
249 2793 293 2854 nd
305 2810 360 2874 ne,
376 2791 406 2859 h.
423 2811 450 2858 e.
474 2793 515 2859 ad
538 2792 635 2858 aedes
657 2791 777 2857 domini
798 2791 862 2856 mei
884 2790 985 2867 (Rost
1001 2795 1170 2858 comment
1192 2790 1300 2857 Plani.

138 2907 170 2970 p.
196 2891 280 2966 179).
304 2889 343 2970 V,
368 2895 396 2966 l,
421 2895 477 2955 12:
500 2891 798 2956 Accede-adme.
820 2888 914 2956 Most
939 2889 978 2971 V,
997 2895 1025 2970 1,
1048 2895 1105 2956 71:
1129 2892 1183 2954 Set
1197 2908 1304 2954 cecam

139 2991 185 3051 tai
206 2991 291 3066 gnati
312 2990 444 3052 sodalem
467 2990 525 3050 huo
548 2989 589 3049 ud
609 3007 663 3052 noa
684 2989 770 3054 video
792 2991 943 3054 incedere.
987 2987 1053 3054 Mil.
1082 2986 1144 3068 ΠΙ,
1168 2993 1197 3067 l,
1220 2991 1301 3054 205:

138 3088 182 3150 Ut
203 3103 271 3149 seso
291 3087 331 3148 o'd
351 3106 419 3150 cum
434 3089 635 3150 conciliarem.
658 3084 757 3152 Stich.
773 3105 802 3150 v.
813 3089 893 3152 447:
915 3105 1016 3150 amare
1039 3093 1129 3164 atque
1145 3088 1187 3150 ud
1199 3102 1300 3148 ceram

139 3185 309 3248 condicere.
353 3182 444 3265 Capt.
466 3180 504 3263 V,
527 3188 557 3264 4,
580 3187 636 3248 22:
660 3187 740 3248 hunc
765 3217 800 3230 -
826 3187 867 3247 ud
887 3187 1065 3260 carnuficem
1088 3185 1173 3248 dabo.
1201 3180 1301 3248 Mero.

138 3272 316 3360 11,'1,35:
354 3282 395 3343 ud
418 3285 502 3344 illurn
522 3286 626 3344 udum
648 3281 787 3344 devehor.
831 3281 929 3349 Mero.
956 3281 1134 3364 11,1,2o:
1172 3284 1301 3346 Domum

140 3397 208 3444 seso
231 3380 273 3440 od
292 3397 415 3442 anuum
436 3383 516 3443 intro
544 3381 701 3442 ductarum
723 3397 828 3442 meam.
851 3379 949 3446 Mera.
971 3397 1001 3442 v.
1026 3383 1102 3446 914:
1126 3383 1197 3458 quin
1218 3382 1300 3442 intro

140 3479 224 3540 dacis
246 3495 294 3540 mo
316 3478 358 3538 ud
379 3495 454 3542 enm.
496 3475 556 3558 ΠΙ,
584 3481 671 3556 3,1:
708 3478 863 3540 Adducam
886 3495 942 3554 ego
963 3479 1047 3540 illum
1069 3479 1128 3540 iam
1151 3479 1193 3540 od
1212 3483 1247 3541 tc.
1270 3493 1300 3542 v.

139 3577 219 3640 903:
243 3577 316 3650 Quis
339 3591 404 3636 cam
427 3576 550 3637 adduxit
572 3577 612 3636 ud
631 3576 702 3637 nos?
726 3573 823 3640 scion.
846 3571 906 3654 ΙΠ,
931 3578 959 3654 l,
982 3577 1227 3640 nazaraenum
1250 3574 1302 3638 Ad

138 3685 244 3736 atnam
266 3673 306 3734 ud
327 3675 392 3736 eins
414 3689 581 3736 comaruom
604 3673 787 3748 Sagarinum
808 3673 912 3738 ieram.
955 3670 1050 3738 Most
1082 3671 1143 3752 ΠΙ,
1167 3677 1195 3753 1,
1220 3675 1300 3738 14⁷:

138 3771 250 3832 Iterum
273 3772 332 3834 iam
354 3771 394 3832 nd
413 3790 507 3834 uuum
529 3787 637 3834 smum
658 3789 707 3833 me
734 3772 841 3834 flnctus
864 3771 973 3836 ierunt
1010 3769 1110 3838 Mero.
1140 3769 1167 3850 I,
1190 3774 1220 3849 2,
1242 3773 1300 3836 852

138 3869 179 3930 nd
197 3885 276 3930 sunu
296 3868 379 3930 ferri.
424 3865 511 3933 Pers.
534 3864 578 3944 ΙΙ,
604 3872 633 3947 2,
656 3871 714 3932 66:
750 3871 792 3930 Ac
819 3887 875 3946 ego
899 3871 940 3930 ud
959 3871 1193 3934 mannan
1214 3873 1303 3932 nunt

137 3981 221 4028 erun
242 3967 321 4030 hano
342 3967 527 4044 obsignatam
550 3968 688 4030 abietem.
726 3965 822 4032 Most.
844 3965 872 4047 I,
897 3972 925 4047 1,
947 3969 1007 4032 65:
1034 3969 1144 4030 Ervom
1166 3967 1222 4028 titi
1242 3967 1299 4028 ati-

137 4065 203 4140 onis
225 4080 295 4126 cras
316 4062 385 4125 taxo
407 4066 449 4125 ud
468 4065 572 4126 uuum
593 4061 721 4127 adierat.
765 4061 860 4128 Most
895 4080 924 4128 ν.
945 4067 1021 4130 931:
1058 4065 1146 4127 Nunc
1174 4080 1229 4139 ego
1250 4079 1299 4124 ma

137 4162 209 4224 iiico
231 4163 457 4237 pascuaticum
481 4161 522 4221 nd
547 4177 738 4236 congurmus
760 4161 922 4226 conferam
954 4159 1047 4224 Most
1069 4178 1099 4224 v.
1122 4161 1203 4224 too:
1229 4159 1298 4236 iuge

136 4257 179 4320 aa
198 4277 245 4322 nac
267 4259 401 4333 propius.
444 4254 542 4322 Mero.
564 4256 646 4337 prol.
680 4273 709 4319 v.
731 4263 769 4320 4:
803 4256 866 4322 Pro
887 4275 956 4322 mea
975 4275 1106 4336 persona
1125 4265 1159 4318 at
1181 4259 1236 4319 sim
1258 4257 1301 4320 ad
