3004 4764
206 279 270 336 κθ
635 266 762 310 Mo!-
776 267 840 312 w.
852 268 893 310 si.

291 441 341 508 Do
362 441 487 524 origine
506 441 703 522 pronominis
716 445 781 518 ipro
801 461 820 508 a
839 443 1026 524 pronomine
1041 441 1158 508 tertiae
1172 448 1374 524 pomasi·

205 559 242 604 ss
262 542 297 602 id
318 545 354 604 et
374 540 482 606 radice
500 557 536 603 so
556 543 632 619 post
652 539 811 620 Boppinm
834 539 982 621 exposuit
997 539 1192 607 Schmidtius
1213 541 1254 606 do
1276 559 1370 622 prom

203 655 234 718 p.
247 643 287 703 ab
299 654 346 718 sq.
368 637 451 702 Hinc
470 637 621 716 antiquae
636 635 758 704 formae
774 638 896 704 multae
910 641 1022 704 extant
1036 635 1131 702 etism
1149 638 1235 718 apud
1246 639 1371 718 priseos

204 735 389 816 scriptores.
433 733 485 800 Sic
506 733 667 799 invenitur
687 735 773 814 apud
794 735 944 800 Plautum
970 753 1100 811 sumpse
1128 753 1255 811 conpos,
1277 755 1372 813 copas,

203 851 297 910 owse,
319 836 356 898 ut
378 831 459 896 Rud.
475 830 517 910 ΙΙ,
541 835 570 909 5,
594 835 653 897 21:
675 852 762 910 eopse
782 841 886 896 cantat
907 836 997 910 quoia
1016 836 1066 895 sit.
1109 832 1193 898 Mon.
1209 832 1236 912 1,
1257 839 1287 913 2,
1310 839 1368 900 66:

203 949 289 1007 eopse
317 949 418 992 eccam
446 933 517 992 exit.
563 927 640 995 cist.
663 923 743 1010 1‚'2,
769 936 807 995 17
839 947 933 1006 eapse.
979 928 1072 996 Truc.
1095 927 1122 1007 Ι,
1146 934 1176 1008 2,
1200 933 1256 996 31:
1290 935 1370 1008 Quis

202 1039 234 1092 te
250 1030 445 1090 adductorum
461 1029 519 1090 buc
535 1029 654 1090 dixeras
676 1045 801 1104 sumpse,
823 1047 883 1092 non
905 1045 1029 1104 compos,
1051 1026 1081 1092 b.
1105 1045 1132 1092 a.
1155 1043 1229 1092 oum
1251 1028 1367 1109 ipsum,

203 1145 273 1192 eam
297 1126 410 1205 ipsam.
431 1123 546 1190 Bacch.
562 1123 619 1202 IV,
643 1130 673 1204 7,
696 1131 752 1190 li:
776 1131 873 1203 Atque
896 1129 927 1188 in
950 1143 1033 1200 eopse
1055 1133 1136 1188 satus
1158 1129 1269 1204 lapido.
1299 1127 1367 1194 itii.

203 1222 246 1302 11,
274 1229 299 1299 1,
325 1227 382 1289 63:
416 1241 474 1299 qno
505 1241 592 1284 nemo
626 1226 685 1284 nisi
712 1241 796 1298 copae
824 1224 952 1286 iniarret
981 1225 1098 1299 podem.
1141 1221 1235 1288 Truc.
1256 1222 1313 1304 IV,
1333 1232 1368 1304 4,

204 1326 260 1386 37:
283 1323 355 1384 sine
377 1337 493 1396 morspec
515 1322 598 1382 odiro
622 1323 689 1382 huo.
726 1321 776 1386 De
797 1319 902 1384 iorma
923 1323 1030 1384 autom
1052 1339 1153 1396 ropac,
1175 1337 1259 1400 quaa
1280 1323 1368 1402 apud

201 1418 339 1488 Ennium
368 1416 530 1482 invenitur
556 1417 636 1482 Ano.
664 1423 741 1497 372,
773 1416 847 1482 vide
876 1415 1086 1482 Schmidtium
1112 1435 1143 1498 p.
1165 1422 1215 1482 11.
1259 1417 1365 1483 Plaut

203 1513 300 1596 Gapt:
317 1513 377 1594 111,
400 1521 432 1594 4,
454 1517 511 1580 28;
535 1519 614 1591 Quin
637 1536 721 1579 snum
742 1520 806 1592 ipse
826 1517 975 1578 interdum
998 1519 1117 1593 ignorat
1139 1535 1247 1580 nomen
1268 1535 1366 1593 noque

203 1617 261 1677 seit
283 1616 334 1691 qni
355 1616 428 1687 siet,
466 1613 507 1677 ad
529 1630 559 1692 q.
581 1613 602 1676 l.
626 1613 786 1678 Lindem.:
821 1613 953 1694 „Solent
974 1612 1054 1678 baec
1076 1613 1123 1678 ita
1145 1613 1228 1678 strui
1249 1630 1367 1694 prono-

201 1710 289 1776 mina
307 1729 397 1774 susm
419 1710 500 1789 ipsc,
527 1729 582 1774 sco
601 1714 676 1787 ipsc,
702 1716 751 1774 sori
771 1715 835 1789 ipsc
857 1709 954 1777 cett“
999 1708 1070 1775 Cas.
1092 1709 1148 1789 IV,
1171 1715 1201 1789 2,
1227 1715 1280 1776 11:
1307 1714 1366 1787 Ito,

202 1829 261 1887 quo
282 1828 332 1872 mo
351 1811 420 1883 ipso
440 1811 532 1882 misit,
555 1808 596 1872 ad
618 1825 648 1887 q.
671 1807 691 1872 l.
711 1809 860 1874 Taum:
895 1803 1025 1887 ,Αὐτὸς
1052 1811 1085 1873 ei
1114 1808 1222 1880 ἐκεῖνος
1252 1806 1369 1887 (inunt

202 1903 338 1970 Oasaub.
362 1909 529 1969 comment
552 1904 775 1986 Theophrast.)
797 1911 873 1972 sunt
894 1923 988 1971 voces
1011 1921 1187 1976 servorum,
1209 1921 1289 1986 quas
1308 1905 1367 1971 ho·

201 2002 290 2066 noris
317 2017 415 2066 causa
442 2002 645 2082 propriorum
672 2003 742 2068 loco
777 2003 986 2085 usurpabant.
1030 2001 1082 2067 Sic
1116 2002 1202 2083 apud
1233 2002 1367 2069 Latinos

201 2103 293 2176 ὁρῶ
338 2099 462 2164 Eodem
483 2099 578 2163 modo
600 2099 729 2164 Terent.
753 2101 851 2166 Andr.
875 2100 918 2178 ΙΙ,
943 2105 972 2180 2,
996 2104 1054 2165 23;
1084 2102 1167 2176 ipsus
1189 2100 1301 2180 tristis,
1323 2103 1365 2165 ad

204 2213 234 2277 q.
256 2195 277 2262 Ι.
299 2195 440 2262 Rubris:
463 2195 674 2278 ‚intelligitur
695 2197 782 2263 Simo
804 2197 914 2262 herus.
957 2197 1039 2263 Nam
1063 2199 1148 2264 servi
1170 2196 1285 2262 berum
1307 2199 1364 2263 ab·

157 2293 160 2300 '
203 2294 307 2360 soluto
338 2296 437 2371 psum
470 2293 656 2359 vocabant.“
707 2295 759 2360 Ad
791 2295 969 2361 subiectum
1005 2293 1204 2360 indefinitum
1240 2300 1367 2376 spectat

198 2396 262 2469 ipse
285 2391 400 2457 Caecil.
424 2391 490 2458 Sao
512 2389 551 2456 fr.
575 2390 723 2473 Ephesii:

341 2494 414 2551 Tum
437 2491 573 2567 equidem
596 2493 627 2552 in
651 2500 774 2554 senocto
795 2493 853 2552 hoc
876 2493 986 2568 deputo
1008 2492 1217 2567 miserrimum,

342 2589 460 2650 Beatire
483 2605 521 2648 ea
542 2595 642 2650 aetate
664 2591 763 2663 ipim
784 2607 852 2650 esse
875 2590 1009 2650 odiosum
1032 2591 1132 2666 alteri,

201 2685 242 2750 ad
271 2702 302 2764 q.
329 2682 350 2747 i.
381 2681 531 2748 Bothins:
566 2683 721 2763 „Legitur
754 2685 840 2765 apud
872 2684 1011 2750 Nonium
1045 2692 1142 2749 octctc
1167 2704 1234 2750 eum
1257 2688 1366 2762 mem,

200 2781 286 2862 qood
312 2781 472 2848 soloecnm
496 2785 555 2844 est.
599 2778 682 2846 Nam
705 2782 766 2848 dici
789 2783 960 2863 oportebat
986 2801 1018 2846 sc
1038 2786 1145 2858 ipsam
1189 2783 1310 2848 Verum
1331 2783 1365 2847 id

201 2895 330 2959 quoquo
356 2876 608 2958 intelligendum,
630 2895 694 2944 non
717 2880 994 2960 perscribendum,
1021 2885 1125 2946 metro
1148 2879 1364 2962 retrogmtc.“

201 2975 330 3040 Terent
352 2974 483 3040 Phorm.
507 2975 545 3054 V,
568 2979 599 3054 6,
621 2981 677 3042 36:
711 2981 795 3040 Intus
822 2997 898 3056 qnae
927 2981 1008 3040 inter
1038 2997 1104 3042 sese
1129 2980 1190 3053 ipos·
1217 2980 1365 3056 aporiati.

200 3091 229 3137 v.
252 3072 400 3138 Ruddina
423 3091 454 3154 p.
479 3076 530 3149 56,
554 3074 661 3139 adnot
685 3079 741 3140 32:
770 3077 858 3150 ,ἄρεα
880 3093 951 3140 cum
974 3075 1214 3155 pronominibus
1236 3095 1299 3152 ccc,
1321 3081 1365 3150 tu,

199 3175 249 3236 sos·
275 3171 479 3236 coniunctum
515 3171 600 3252 apud
627 3172 765 3253 optimos
802 3189 948 3253 quosque
982 3173 1155 3254 scriptores
1182 3173 1367 3238 nominandi

201 3287 278 3334 casu
299 3269 514 3348 construitur,
549 3268 611 3334 etsi
640 3271 724 3349 quod
747 3287 923 3350 pronomen
951 3275 1174 3350 praecesserat
1200 3271 1264 3336 atio
1285 3288 1372 3352 quo-·

201 3382 326 3446 maone
350 3383 427 3430 casu
449 3365 549 3431 inerit
570 3367 740 3446 positum.“
763 3367 804 3433 ci.
826 3367 929 3432 Halm.
951 3367 992 3432 ad
1016 3366 1081 3434 cic.
1103 3386 1149 3433 or.
1172 3369 1206 3432 in
1229 3366 1298 3434 Ost.
1320 3367 1366 3445 11,

202 3459 229 3545 ἕ.
257 3470 304 3530 17.
348 3462 570 3544 Supertativus
600 3464 681 3529 adeo
703 3463 861 3531 formatus
883 3469 935 3530 ost
961 3483 982 3530 a
1002 3465 1120 3530 Plauto
1142 3465 1230 3532 Trio.
1254 3466 1309 3545 IV,
1332 3471 1365 3546 2,

206 3567 280 3626 146:
302 3563 493 3636 [possm.

288 3662 337 3722 16.
360 3659 410 3722 De
432 3655 535 3722 torma
556 3659 752 3737 pronominis
773 3663 852 3722 idon
873 3661 942 3742 agit
973 3661 1166 3727 Ritachelius
1188 3661 1253 3726 ind.
1276 3661 1365 3728 lectt.

199 3755 283 3821 univ.
307 3755 409 3820 Boon.
432 3771 462 3834 p.
486 3772 584 3819 mons.
607 3756 670 3821 bib.
696 3759 789 3841 ldis,
823 3758 878 3823 ubi
902 3760 997 3824 docet
1017 3757 1153 3824 formam
1176 3758 1367 3825 nominativi

200 3851 372 3934 singularis
392 3853 485 3915 isdem
506 3853 694 3918 amandam
716 3873 799 3935 esse,
822 3855 1004 3937 abuunqoc
1027 3857 1059 3921 in
1080 3856 1244 3923 codicibm
1264 3873 1367 3937 appo-r

198 3957 280 4026 reat,
304 3949 349 4016 sic
372 3948 475 4015 Plaut.
498 3949 614 4030 Amph.
636 3948 695 4028 ΙΗ,
719 3959 749 4034 2,
774 3959 823 4019 64.
855 3985 892 4000 --
922 3952 1247 4020 caroasco:
1278 3957 1368 4016 Meso

200 4067 272 4124 aper
294 4052 320 4111 si
342 4052 503 4114 nebulosos
526 4060 574 4113 oet
601 4055 675 4116 cett
703 4051 740 4116 Ο.
763 4057 797 4116 i:
831 4055 863 4112 in
893 4055 993 4115 eodem
1020 4054 1120 4114 inodo.
1164 4051 1228 4117 Ib.:
1262 4053 1368 4114 eodan

199 4150 231 4208 in
254 4165 328 4222 sapa
353 4177 394 4192 -
418 4157 502 4212 racto
523 4151 700 4212 conduntur.
746 4147 781 4213 O.
808 4155 839 4214 1:
873 4152 957 4213 Scito
981 4152 1060 4212 idm
1088 4169 1196 4226 opscos
1214 4150 1293 4224 qood
1314 4151 1368 4210 ito·

198 4245 307 4305 minos
329 4244 384 4320 (sc.
409 4247 512 4325 asse),
546 4250 678 4324 quamuis
701 4255 897 4324 quaestuosus
920 4252 993 4324 sict,
1028 4252 1055 4310 si
1083 4258 1274 4330 sumptuosus
1295 4241 1367 4324 eris
