3070 4758
232 289 295 352 272
684 275 840 320 ΒΙΙΜΛΜ.
854 275 920 318 ΟΔΡ.
933 276 975 318 ru.
1075 289 1079 309 ι

232 449 350 520 onom
372 453 407 516 et
427 449 479 516 lic
501 465 588 528 esse,
610 447 748 518 ossecm
765 463 823 516 vos
843 461 905 528 ner
923 451 1065 516 vostram
1086 443 1201 527 24η,-
1220 452 1258 514 ut
1272 447 1389 514 subm»

231 547 396 632 telligatur
419 563 528 628 prosp.
546 565 613 625 per,
638 545 723 626 qnod
744 545 849 610 minus
871 545 981 625 probo.
1018 543 1111 608 Alter
1133 545 1228 610 ordo:
1254 545 1387 612 onmem

230 650 375 712 rostram
396 641 503 720 fidem,
525 659 565 708 ne
588 643 733 710 dixeritis
757 659 812 708 ero
834 641 935 706 mee.“
959 640 1074 706 Bacch.
1097 641 1157 720 111,
1178 647 1207 720 3,
1224 648 1282 710 59:
1307 647 1387 706 caro

232 747 351 808 malum.
375 741 463 806 Asin.
486 739 513 820 1,
539 746 566 818 l,
590 743 647 806 30:
670 743 748 806 Care
771 743 812 802 sis
832 745 939 802 molum
962 758 1035 802 rem.
1074 736 1165 818 Capi.
1187 739 1247 819 ΙΙΙ,
1274 747 1299 816 Ι,
1327 745 1386 806 213

229 843 334 916 Neque
346 857 393 900 me
412 839 522 916 rident,
539 837 568 900 d.
585 853 614 916 q.
631 835 650 900 Ι.
668 835 799 918 scalig:
817 865 880 917 ,ε
894 831 1093 918 προςγελῶσιν
1111 835 1184 913 ἐμοί.
1207 841 1317 904 Ridere
1332 857 1386 914 pu·

231 945 334 1008 rentes
355 961 399 986 -=
421 934 527 998 ridere
549 934 590 998 ed
613 937 780 1014 parentes,
810 939 847 998 ut
866 931 1019 1011 infantes,
1043 933 1158 1014 quibus
1180 933 1388 998 blandiuntur

229 1030 401 1104 nutrices.“
416 1030 531 1098 Bacch.
548 1030 608 1110 111,
624 1036 654 1111 4,
672 1036 726 1096 2οε
746 1035 912 1109 Numquam
935 1033 1043 1108 edepol
1064 1034 1161 1094 nicom
1176 1048 1221 1092 mc
1235 1033 1386 1096 inridebit.

230 1130 321 1210 Cupi.
343 1128 403 1207 ΙΙΙ,
424 1136 455 1207 4,
481 1132 555 1194 124:
578 1132 637 1190 Hic
659 1131 776 1206 quidem
798 1147 845 1190 mc
866 1147 1024 1204 numquam
1045 1130 1195 1190 inridebit.
1216 1128 1309 1208 Epio.
1325 1127 1386 1206 ΙΙΙ,

235 1233 264 1305 1,
287 1232 324 1290 l:
368 1230 534 1302 Numquam
566 1228 697 1288 inridere
728 1245 782 1288 nos
811 1229 937 1296 inultum
960 1229 1054 1289 sinam
1079 1245 1194 1288 serrem
1225 1229 1384 1290 homiuem.

227 1323 324 1394 Peon.
361 1322 401 1402 V,
423 1327 453 1400 2,
477 1327 531 1386 71:
565 1325 722 1386 Hominem
744 1326 935 1402 peregrinum
958 1332 1047 1400 utque
1071 1326 1213 1386 aduenam
1240 1327 1291 1400 qui
1313 1326 1386 1386 inri-

229 1425 315 1488 deas.
337 1419 420 1488 nuo.
443 1419 470 1501 I,
492 1425 523 1499 4,
545 1425 579 1484 4:
603 1423 696 1482 omnis
720 1424 852 1492 latebras
874 1424 1055 1497 perreptori.
1079 1420 1193 1488 Bacch.
1217 1419 1276 1497 ΙΙΙ,
1300 1425 1329 1499 6,
1354 1426 1386 1486 1:

229 1538 308 1584 nune
331 1538 387 1596 ego
409 1521 491 1582 illum
514 1537 561 1581 me
584 1522 671 1582 uelim
695 1521 870 1584 Conuenite.
894 1516 1007 1596 Amph.
1030 1516 1086 1594 IV,
1104 1523 1132 1595 1,
1152 1524 1182 1581 l:
1205 1522 1386 1582 Naucratem

172 1642 174 1645 ·
229 1636 320 1694 quern
344 1619 503 1680 conuenire
527 1618 607 1680 uolui
629 1619 659 1676 io
682 1619 751 1678 neri
772 1634 831 1678 uon
854 1623 930 1679 eret.
952 1613 1048 1678 Poen.
1071 1613 1132 1694 ΙΙΙ,
1157 1620 1185 1694 l,
1203 1620 1258 1680 36:
1280 1610 1385 1694 Nespe

229 1733 283 1776 nos
310 1731 485 1790 quemquam
508 1713 674 1790 flagitemus
697 1731 793 1791 neque
816 1730 870 1774 nos
893 1715 1046 1790 quisquam
1071 1714 1193 1790 flagitat
1241 1710 1334 1782 Cure.
1356 1711 1384 1792 Ι,

232 1815 262 1890 2,
286 1815 340 1876 60:
378 1828 433 1872 voe
455 1818 526 1887 peto
547 1817 636 1886 atque
658 1829 793 1887 opsecro.
836 1807 924 1874 Asin.
948 1807 974 1888 I,
1001 1814 1029 1889 l,
1053 1815 1085 1876 7:
1121 1815 1221 1888 Atque
1244 1813 1298 1872 illa
1318 1814 1387 1874 vira

227 1911 310 1970 rivos
325 1916 359 1968 nt
373 1915 488 1982 pestem
511 1915 647 1984 oppetes,
671 1904 936 1985 quemadmodum
958 1905 1075 1970 dieitur
1088 1917 1213 1969 mortem
1229 1916 1385 1984 oppetere,

228 2021 258 2071 v.
282 2003 420 2068 Gronou
444 2001 526 2066 Rud.
549 2002 592 2082 ΙΙ,
614 2007 643 2082 6,
667 2007 700 2066 9:
724 2007 799 2065 Nom
821 2005 957 2080 equidem
979 2008 1006 2064 tc
1028 2023 1143 2082 nequeo
1165 2009 1302 2080 consequi
1324 2014 1387 2068 tom

228 2109 359 2170 strenue.
383 2098 451 2163 Mil.
474 2098 517 2177 H,
540 2103 569 2171 3,
593 2104 648 2166 53:
671 2102 748 2163 ludis
769 2120 826 2179 me,
850 2103 1026 2164 Palaestrio.
1049 2101 1113 2165 PA.
1138 2107 1201 2164 Iem
1222 2105 1294 2164 milri
1316 2112 1387 2168 sunt

229 2215 335 2260 monus
357 2199 539 2276 inquinatae,
562 2197 603 2262 ad
626 2213 656 2274 q.
679 2195 698 2260 l.
721 2197 846 2262 Douza:
881 2195 1071 2274 „Sceledrus
1094 2201 1238 2262 tendisne
1265 2199 1309 2264 sic
1331 2217 1387 2270 ao-

231 2292 319 2375 cipit,
342 2298 379 2358 ut
399 2313 444 2354 me
465 2293 509 2358 sit
530 2311 606 2373 aee,
628 2293 815 2372 Palaestrio,
839 2297 877 2358 ut
892 2295 935 2360 sit
950 2295 1022 2374 abl,
1046 2300 1083 2363 ut
1097 2297 1250 2362 eumdieo
1265 2298 1387 2360 Ludere
1518 2375 1519 2392 ,

227 2394 295 2468 pito
321 2392 434 2454 disco.“
470 2391 551 2456 uod.
574 2390 634 2466 ΙΙΙ,
661 2397 687 2470 l,
713 2397 745 2456 l:
768 2394 855 2454 Miris
877 2395 972 2456 modis
996 2395 1025 2455 di
1048 2397 1133 2458 ludos
1155 2396 1270 2481 faciunt
1291 2398 1386 2458 homi-

231 2492 333 2556 nibus.
378 2486 475 2554 stioh.
499 2488 525 2566 I,
550 2494 577 2567 1,
600 2494 658 2552 43:
704 2492 744 2550 ut
766 2492 792 2551 si
814 2493 860 2552 illi
885 2492 1004 2566 inprobi
1027 2495 1087 2554 sint
1108 2499 1198 2569 atque
1220 2496 1310 2564 eliter
1332 2511 1386 2556 uos

226 2587 342 2648 notant
364 2589 457 2659 Quum
481 2603 604 2664 aequom
628 2591 676 2649 sit.
722 2586 807 2654 Trio.
830 2587 869 2667 V,
892 2592 921 2664 2.
947 2593 1001 2655 12:
1028 2607 1154 2667 numque
1177 2593 1236 2650 hoc
1258 2608 1386 2652 commo·

230 2685 299 2751 uun
323 2685 438 2745 orditur
460 2685 549 2760 loqui.
588 2683 717 2748 Ernesti
740 2683 855 2766 Sydon.
877 2703 920 2766 pa
934 2689 1011 2750 266:
1056 2689 1175 2762 „checi
1197 2689 1324 2760 alienent
1346 2683 1387 2768 jes

227 2777 359 2872 morter
382 2793 517 2853 neuneu,
546 2779 729 2860 oulinrrnf‘
773 2782 858 2847 Men.
903 2782 946 2864 ΙΙ,
976 2788 1006 2860 2,
1029 2790 1084 2848 47;
1130 2787 1210 2859 Quos
1233 2786 1384 2859 mulieres,

228 2896 302 2954 quos
325 2885 358 2938 tu
380 2880 530 2952 parasitos
554 2880 700 2954 loquere?
743 2879 858 2960 Amph.
880 2878 940 2959 III,
966 2885 993 2959 l,
1018 2886 1072 2944 21:
1101 2884 1277 2942 nuno-hano
1301 2884 1385 2944 adlo-

227 2993 315 3050 quar.
335 2993 339 3004 ·
360 2972 454 3036 True.
483 2973 521 3052 V,
545 2978 599 3038 28:
644 2986 675 3037 te
698 2979 850 3052 adloquor.
895 2977 981 3042 Trin.
1012 2977 1050 3056 V,
1074 2983 1103 3051 2,
1127 2983 1184 3041 ll:
1229 2981 1306 3053 Quid
1329 2999 1384 3055 ego

228 3089 314 3137 cesso
327 3073 384 3132 lros
400 3073 559 3148 conloqui?
571 3071 687 3138 Pseud.
704 3073 730 3150 I,
743 3077 772 3152 3,
784 3077 823 3138 22
834 3078 925 3137 :Non
940 3079 1013 3142 licet
1028 3080 1165 3152 conloqui
1181 3077 1232 3138 to?
1244 3073 1282 3140 cl.
1294 3075 1383 3140 Asiu-

225 3185 254 3232 v.
267 3171 338 3232 523.
354 3167 467 3248 Amph.
479 3167 505 3247 1,
515 3175 543 3247 l,
554 3174 627 3234 164:
640 3173 750 3232 Verum
767 3179 911 3236 certumst
923 3174 1108 3236 confidenter
1120 3175 1267 3234 hominem
1280 3180 1386 3237 eontra

224 3265 436 3340 consonarent
444 3266 843 3347 eennonpendetnccntro.
853 3269 943 3336 Asin.
955 3269 980 3344 I,
991 3275 1020 3349 2,
1029 3276 1068 3333 24
1076 3289 1175 3346 :quem
1188 3275 1385 3346 conloquatur

224 3363 287 3422 -l
301 3360 385 3426 Men.
395 3360 434 3440 V,
450 3365 479 3441 9,
490 3368 522 3426 7:
540 3367 680 3441 eloquere
696 3370 857 3431 trumuini
869 3385 985 3430 nomen.
1001 3366 1088 3432 Asin.
1104 3366 1163 3446 111,
1176 3373 1290 3447 3,141:
1306 3383 1386 3431 nunc

223 3477 286 3520 rem
316 3466 351 3520 nt
376 3467 425 3522 est
446 3463 630 3537 eloquamur.
675 3461 747 3526 Aul.
770 3463 850 3542 prol.
886 3482 914 3528 v.
938 3468 972 3529 8:
1017 3473 1050 3528 ot
1076 3466 1110 3530 id
1136 3483 1286 3530 serverem
1316 3466 1386 3533 sibit

223 3555 352 3636 urago.
397 3555 512 3622 Bacch.
555 3575 585 3636 p.
609 3563 682 3637 488,
718 3578 750 3624 v.
772 3565 826 3624 21:
871 3565 980 3634 verum
1009 3565 1058 3624 nlo
1086 3565 1263 3638 adolescens
1288 3564 1384 3624 netto

222 3655 365 3728 Ulyssem
388 3657 491 3719 anteit.
529 3652 600 3718 Ces.
623 3653 666 3734 ΙΙ,
691 3661 721 3734 3,
743 3661 776 3722 9;
805 3661 899 3736 magis
920 3663 1007 3724 initio
1029 3662 1188 3724 munditiis·
1204 3659 1384 3724 munditiam

227 3753 357 3826 antideo,
378 3767 417 3814 ex
439 3749 601 3829 scripture
621 3751 737 3818 Bothii.
775 3755 871 3822 Poen.
892 3755 936 3833 II,
959 3773 989 3820 v.
1015 3763 1068 3822 ll:
1091 3761 1138 3820 Eo
1158 3764 1249 3834 proto
1270 3773 1381 3820 arares

223 3850 334 3910 Veneri
356 3849 461 3924 pulcre
489 3849 553 3908 cuit
583 3867 720 3930 menum,
749 3851 789 3918 ol.
816 3853 898 3933 expl.
925 3852 1044 3920 Mureti
1071 3857 1149 3932 (uec.
1179 3871 1252 3921 oum
1282 3851 1383 3918 verbu

222 3942 423 4008 intransitive
447 3943 708 4022 coniunctene
734 3953 789 4014 16:
814 3955 909 4026 Quom
930 3954 1058 4028 seibuut,
1082 3954 1193 4015 Veneri
1216 3957 1250 4013 ut
1271 3951 1383 4018 aurern

220 4045 290 4102 leno
313 4059 441 4104 monum.
478 4041 625 4122 Aut-11,
649 4049 679 4125 2,
703 4049 744 4112 24
767 4063 828 4126 sq:
865 4052 1100 4112 merchirnan
1123 4051 1287 4126 mervolt,
1310 4048 1385 4124 scio,

220 4139 339 4200 Mecum
363 4139 446 4200 odire
469 4142 808 4222 adnumeremus.
830 4145 871 4210 ob
894 4163 964 4210 enm
987 4163 1063 4210 rem.
1087 4143 1191 4210 Plaut.
1213 4143 1328 4224 fragm.
1351 4159 1383 4222 p.

219 4236 296 4314 484,
319 4251 347 4305 v,
375 4239 429 4300 12:
474 4240 599 4312 Inlitte
621 4257 749 4317 unquam
771 4241 886 4310 febris?
927 4242 999 4308 Aul.
1023 4241 1103 4324 prol.
1125 4261 1154 4308 v.
1179 4247 1236 4311 lo:
1275 4243 1335 4306 Ubi
1356 4243 1385 4309 is
