3070 4758
9 4245 14 4294 l

190 248 254 310 254
620 235 778 276 sussrssn.
798 233 861 274 ons.
875 232 916 276 ιιι.

190 416 300 478 iubebo
321 414 379 474 iam
403 415 484 474 intus
507 411 617 474 ecferri
639 410 732 475 foras.
772 405 889 487 empti.
932 405 1128 486 111,1‚ao:
1164 411 1348 470 Mercurium

190 513 265 576 iussi
286 527 332 572 me
356 509 496 580 continuo
519 510 670 585 consequi.
714 505 796 570 Rud·
819 504 863 584 II,
889 509 919 583 4,
943 508 1102 570 17:11see
1126 507 1266 570 sacerdos
1290 510 1349 569 Vc-

193 611 274 670 neris
296 616 402 683 petere
425 608 494 667 hinc
517 609 603 668 iussit
625 623 671 665 me
700 605 822 666 euobis
845 621 960 678 squam.
1004 602 1119 668 Pseud.
1157 602 1212 680 IV,
1242 609 1270 680 7,
1295 608 1350 668 51:
1400 609 1406 622 “

193 708 258 766 Hoc
286 704 340 765 tibi
367 722 435 765 erus
463 721 510 764 me
532 705 619 765 iussit
646 703 727 764 forre
761 703 993 765 Polumachoero
1015 703 1163 778 plagides,
1192 703 1277 776 Quod
1299 704 1350 762 de-

194 803 325 876 hiberet,
361 808 450 877 atque
473 808 507 868 ut
527 818 643 862 mecum
664 801 801 860 mitteres
823 799 1029 873 Phoenicium,
1063 797 1120 862 ubi
1137 803 1172 860 nt
1191 815 1255 862 non
1274 815 1352 878 pen·
1447 795 1449 800 ’

193 898 250 961 det
272 896 312 961 ab
334 899 434 968 essct,
457 897 514 960 sed
538 894 717 960 enunciotio
740 894 786 960 sic
808 893 986 974 supplenda
1010 899 1075 958 cst:
1098 899 1196 974 etque
1219 913 1270 960 mo
1293 894 1353 961 tibi

194 993 302 1058 dicere
337 995 382 1068 (te
406 991 512 1072 orare)
534 992 644 1070 iussit,
673 994 710 1056 ut
732 995 806 1056 cett
851 991 913 1056 Sed
937 991 1138 1056 coniunctum
1162 991 1261 1057 hebes
1285 1010 1352 1058 acc.

197 1108 225 1156 c.
247 1088 302 1156 iul.
333 1108 403 1156 curn
425 1097 460 1153 ut
479 1089 575 1154 Poen.
600 1087 680 1168 prol.
703 1107 733 1152 v.
757 1093 786 1152 4.
811 1093 844 1151 5:
867 1091 980 1152 Audire
1003 1092 1086 1150 iubet
1113 1109 1163 1152 ros
1183 1094 1352 1166 imperator

195 1191 352 1263 histrione,
389 1192 530 1265 Bonoque
558 1196 592 1248 ut
614 1190 713 1248 animo
736 1188 861 1248 sedeant
888 1189 920 1248 in
943 1188 1093 1250 subselliis
1121 1190 1162 1248 Et
1185 1190 1235 1263 qui
1259 1190 1352 1249 esuri·

197 1296 285 1350 cutes
308 1295 340 1346 et
362 1290 413 1362 qni
435 1288 530 1348 saturi
553 1287 697 1346 venerint.
743 1281 831 1348 Asin.
853 1282 892 1364 V,
916 1287 944 1354 2,
966 1287 1023 1348 40:
1060 1286 1132 1346 lube
1156 1286 1221 1346 dori
1244 1287 1352 1347 vinum.

197 1383 236 1462 V,
260 1387 290 1462 2,
315 1387 368 1448 18:
393 1385 470 1458 Quin
487 1391 520 1444 tu
541 1386 624 1443 illum
647 1385 731 1443 iubes
755 1384 881 1444 ancillas
904 1399 1012 1457 rapere
1035 1384 1190 1444 sublimem
1214 1382 1353 1444 domcm‘l

197 1478 276 1550 dist.
298 1479 340 1560 11,
366 1485 394 1560 3,
416 1485 474 1544 43:
498 1483 552 1542 sed
574 1482 664 1541 illaec
688 1499 719 1541 se
743 1481 888 1557 qnondam
913 1479 995 1541 cibat
1015 1482 1169 1542 mulierem
1192 1481 1279 1540 Suam
1301 1480 1354 1539 be-

198 1583 386 1640 nevolentem
408 1581 567 1641 convenire
590 1580 679 1638 etiarn
703 1580 797 1653 prius.
843 1575 957 1656 Amph.
981 1574 1006 1656 1,
1034 1580 1161 1656 1,231:
1195 1579 1260 1653 Ego
1291 1595 1355 1638 snm

196 1679 284 1740 Sosia
306 1680 375 1755 ille,
409 1694 496 1752 quern
519 1682 552 1736 tu
575 1677 682 1736 dudum
706 1693 772 1736 esse
795 1678 897 1736 aiebas
919 1677 1000 1739 mihi.
1045 1673 1143 1740 Mero.
1166 1673 1210 1753 Π,
1240 1679 1271 1753 4,
1296 1677 1355 1736 50:

197 1777 299 1837 Civem
324 1792 389 1842 esse
413 1777 515 1834 aibant
534 1775 667 1833 Atticum
690 1772 746 1846 (sc.
763 1772 857 1847 eum).
903 1769 980 1836 cist.
995 1771 1050 1851 IV,
1068 1777 1096 1851 2,
1120 1777 1175 1836 69:
1200 1775 1250 1849 qui
1271 1775 1355 1832 illam

197 1875 242 1935 ait
264 1889 296 1934 se
320 1874 397 1932 scire
420 1872 469 1931 ubi
493 1873 541 1932 rit.
587 1867 658 1932 Cas.
680 1867 723 1946 II,
747 1875 777 1947 4,
808 1874 835 1932 1.
860 1873 893 1932 2:
927 1872 969 1930 Te
998 1888 1073 1931 uxor
1103 1873 1204 1932 siebat
1230 1877 1355 1930 tuane

199 1986 315 2030 vocare.
360 1965 419 2045 ΠΙ,
443 1971 472 2045 5,
497 1970 553 2029 51ι
588 1969 684 2028 altero
712 1973 742 2026 te
772 1970 938 2028 occisurum
966 1969 1018 2029 ait.
1063 1965 1156 2030 Truc.
1185 1965 1210 2043 I,
1241 1971 1269 2045 2,
1289 1971 1356 2032 ,912

199 2069 259 2126 Ain
282 2073 313 2125 tu
337 2066 492 2124 med-eam
516 2063 638 2123 amare?
684 2062 774 2141 Caph.
798 2061 858 2142 ΠΙ,
887 2069 918 2141 4,
942 2069 995 2127 54:
1030 2066 1138 2124 Filium
1170 2074 1252 2124 tunm
1279 2065 1359 2140 quod

198 2165 348 2222 redimere
372 2180 404 2222 se
428 2163 477 2221 ait.
523 2158 620 2224 Poen.
645 2159 683 2236 V,
707 2164 736 2238 2,
760 2163 965 2238 54:Lrgc1cs
989 2165 1102 2222 conclis
1125 2159 1182 2235 (sic
1197 2157 1291 2239 nep)
1316 2163 1360 2222 ait

202 2278 234 2321 se
258 2261 413 2322 advexisse
437 2267 467 2319 et
486 2275 586 2318 nuces.
630 2255 726 2320 Poen.
743 2257 782 2336 V,
806 2261 835 2336 2,
860 2262 919 2322 36:
943 2262 1117 2320 Hannonem
1142 2277 1208 2320 sese
1230 2261 1358 2320 altcar-

199 2360 331 2432 thagine.
355 2354 452 2419 Mero.
469 2353 513 2434 ΙΙ,
528 2361 558 2432 4,
578 2359 609 2416 1:
632 2357 796 2416 Pentheum
820 2358 980 2432 diripuisse
996 2358 1079 2416 aiunt
1093 2357 1235 2419 Bacchas.
1265 2353 1360 2420 Most.

200 2453 261 2533 III,
285 2457 315 2530 2,
338 2457 378 2516 88
402 2469 464 2532 sq.:
495 2455 697 2514 Alexandrum
720 2470 855 2529 magnum
879 2461 968 2529 atque
990 2457 1186 2529 Agathoclem
1209 2471 1360 2514 maxumas

200 2553 269 2611 Duo
295 2569 345 2612 res
368 2555 505 2627 gessisse.
550 2548 645 2612 Poen.
669 2547 707 2626 V,
731 2553 761 2628 2,
786 2555 813 2614 1.
838 2555 871 2614 2:
907 2553 966 2612 Ain
989 2557 1035 2625 tn,
1069 2553 1125 2612 tibi
1153 2554 1220 2613 dixe
1249 2553 1362 2628 Synce-

202 2655 327 2723 rastum,
350 2650 495 2724 Milphio,
518 2650 581 2709 Hes
603 2666 670 2710 cssc
691 2649 836 2725 ingenuus
859 2652 960 2710 ambus
989 2652 1194 2725 surrupticias.
1204 2648 1244 2724 ⁴⁷)
1290 2645 1361 2712 Cas

201 2743 263 2823 III,
277 2752 308 2820 4,
332 2750 388 2809 ll:
413 2750 493 2822 Ergo
517 2745 709 2808 arcessivisse
733 2749 776 2806 eit
799 2763 865 2808 sese
889 2753 921 2805 et
943 2748 1054 2822 dixisse
1077 2754 1117 2821 te,
1143 2747 1263 2820 (mente
1279 2743 1363 2810 adde

203 2841 246 2918 tc)
277 2847 353 2904 Eam
384 2864 441 2905 non
466 2847 632 2912 missurum.
678 2840 792 2906 Bacch.
811 2841 854 2922 ΙΙ,
879 2849 907 2921 3,
931 2847 985 2906 51:
1010 2847 1104 2918 Quom
1127 2847 1168 2905 mi
1190 2847 1285 2921 ipsum
1308 2861 1362 2904 no-

204 2959 271 3000 men
295 2943 357 3002 eius
371 2943 600 3005 Archidemides
618 2942 768 3002 Clamoret
791 2941 979 3017 dempturum
999 2959 1076 3017 esse,
1099 2940 1155 3004 ubi
1177 2959 1244 3004 eum
1266 2939 1362 3004 ornis·

204 3054 276 3102 sum
299 3042 358 3100 est.
400 3037 516 3102 Bacch.
540 3036 599 3116 ΙΙΙ,
622 3042 652 3116 4,
678 3043 711 3100 7:
745 3041 810 3114 Ego
839 3038 908 3098 faxo
931 3039 990 3098 hau
1012 3040 1092 3100 dicet
1121 3047 1275 3114 nanctam,
1307 3035 1364 3102 ubi

204 3153 294 3215 pron.
318 3133 385 3198 rell.
409 3155 439 3198 se
461 3135 614 3202 omissum
635 3140 691 3198 est.
738 3131 806 3196 Mil.
822 3133 866 3214 ll,
888 3138 917 3212 3,
942 3138 999 3198 75:
1022 3139 1149 3198 Auillio
1171 3136 1264 3198 iaciat
1284 3137 1364 3212 quod

205 3233 353 3294 iacturum
377 3235 460 3294 dicit.
505 3232 586 3298 Rud.
611 3233 653 3311 II,
677 3238 705 3310 3,
730 3237 786 3296 74:
820 3235 897 3294 Nam
927 3237 1091 3309 extemplo,
1124 3237 1150 3296 si
1177 3236 1275 3296 verbis
1300 3235 1363 3296 suis

205 3338 351 3404 peterem,
375 3331 497 3391 daturos
513 3333 596 3392 dixit.
621 3328 718 3394 Stich.
735 3329 789 3408 IV,
807 3334 837 3409 2,
854 3333 910 3394 3οε
933 3326 1001 3394 ιιοιι
1014 3333 1120 3407 opinor
1143 3333 1226 3393 dices
1249 3332 1305 3406 (sc.
1322 3329 1364 3406 tc)

205 3427 364 3503 deceptum
387 3427 461 3491 iore.
506 3426 599 3507 Epid.
622 3426 669 3506 ΙΙ,
691 3432 720 3503 2,
744 3431 798 3492 95:
830 3435 919 3504 atque
941 3437 975 3490 ut
998 3447 1063 3490 earn
1086 3437 1116 3490 te
1139 3432 1169 3489 in
1193 3431 1365 3490 libertatem

206 3526 290 3586 dicas
313 3543 421 3588 emere.
454 3524 534 3589 Rnd.
551 3523 576 3603 Ι,
594 3531 623 3604 2,
641 3531 675 3588 7:
698 3529 756 3588 Ubi
779 3545 841 3588 rem
861 3529 989 3590 diuinam
1012 3546 1043 3588 se
1065 3527 1213 3588 iacturum
1235 3529 1364 3588 dixerat.

207 3619 322 3684 Pseud.
345 3619 388 3699 II,
411 3628 441 3699 4,
469 3626 523 3685 10:
547 3626 576 3682 Is
600 3626 673 3683 mihi
697 3627 771 3686 haec
794 3643 860 3689 sese
884 3625 1068 3686 cciectnrum
1090 3627 1175 3688 dixit.
1219 3621 1316 3687 Mers.
1336 3620 1363 3700 I,

207 3722 237 3797 2,
262 3723 316 3782 θῦε
341 3720 372 3778 Si
395 3723 476 3783 illam
499 3724 587 3780 matri
611 3739 694 3783 meae
717 3741 764 3783 me
787 3726 894 3784 emisse
914 3724 1020 3784 dicam.
1043 3720 1159 3792 Pseud.
1182 3720 1208 3799 Ι,
1232 3723 1261 3800 5,
1287 3724 1363 3784 152:

206 3819 285 3893 qnod
308 3815 455 3878 iacturum
479 3815 546 3893 (int.
570 3815 629 3896 me)
652 3821 794 3883 dixeram.
839 3819 924 3883 Trin.
945 3837 974 3884 v.
991 3823 1067 3883 237:
1091 3822 1256 3895 Numquam
1280 3835 1365 3880 amor

207 3933 384 3992 quemqnam
407 3915 465 3976 nisi
486 3917 624 3990 cupidum
647 3921 780 3992 postulet
804 3937 835 3980 se
858 3920 1006 3978 hominem
1028 3920 1059 3978 in
1082 3921 1185 3993 plagas
1207 3917 1363 3980 Conicere.

208 4007 289 4072 Rau.
305 4009 348 4090 ΙΙ,
370 4014 400 4089 4,
423 4016 463 4076 59
474 4027 543 4091 ¹sq.:
566 4016 629 4077 Iam
651 4016 824 4090 postulabas
846 4022 887 4094 tc,
909 4019 1049 4092 inpurata
1069 4016 1167 4088 belna,
1190 4016 1295 4076 Tomu
1316 4015 1363 4074 Si·

255 4220 292 4287 ⁴¹)
310 4225 383 4292 AOp
403 4224 463 4278 Acir
480 4229 518 4278 tre
539 4223 595 4278 Alii
612 4225 676 4279 sinc.
690 4227 748 4281 tihi
779 4227 851 4296 dog
868 4227 928 4281 Ain
945 4230 975 4279 tu
987 4225 1045 4280 othe·
1061 4223 1134 4279 dirce.
1153 4227 1363 4294 depranam.
