3040 4758
207 285 251 340 36
634 275 790 316 SUBSTANT.
811 275 874 316 OAP.
889 277 927 314 lli,

296 447 410 512 Potest
442 453 548 512 autem
577 446 736 514 ablativus
764 449 839 529 poni
867 454 924 514 aut
949 448 1016 513 sine
1044 445 1282 526 praepositione
1311 449 1369 510 arnt

209 563 282 609 curn
305 544 541 624 praepositione
570 545 679 608 addita
732 546 933 628 Praepositio
961 543 1049 610 casui
1071 542 1212 620 additur,
1246 543 1273 607 si
1297 561 1367 606 earn

210 638 482 721 significationem,
505 658 568 722 qua
583 661 655 706 eum
672 643 811 722 positum
834 642 1083 718 essevolumus,
1107 639 1288 706 accuratius
1311 640 1367 703 de·

211 738 330 820 signari
348 744 380 802 et
402 739 540 804 describi
562 757 644 819 opus
660 746 718 820 est,
741 741 889 820 quoniam
906 740 993 805 solus
1009 757 1102 804 casus
1117 742 1250 818 propter
1260 737 1367 802 varias

210 853 285 898 suas
320 832 570 916 significationes
597 837 638 900 ad
666 838 725 904 hoc
752 857 815 904 non
841 855 968 918 semper
995 833 1122 901 sufficit.
1175 833 1245 910 Quo
1272 831 1368 897 litut

209 932 464 1012 praepositiones
487 934 579 1013 quasi
595 935 852 1016 supplementum
876 937 940 1000 sint
956 951 1087 1000 casuum
1110 930 1245 996 nominis
1267 935 1301 994 et
1325 930 1368 996 si·
1450 918 1456 944 ²

209 1029 276 1093 nnul
298 1049 369 1094 cum
391 1029 431 1094 iis
454 1031 649 1097 tractandae.

296 1127 359 1191 Sed
382 1146 421 1192 ne
445 1129 477 1192 in
498 1129 549 1194 his
570 1131 694 1195 duobus
714 1131 841 1210 quidem
865 1148 948 1211 quae
971 1147 1068 1210 supra
1091 1127 1255 1208 posuimus
1278 1125 1366 1188 abla-

210 1223 269 1286 tivi
290 1225 460 1302 generibus
476 1227 623 1292 substisti
645 1235 762 1309 potest,
786 1248 858 1294 nam
882 1229 1012 1292 tertium
1035 1227 1132 1291 etiam
1156 1229 1206 1289 est
1228 1223 1367 1288 medium

210 1320 303 1400 quasi
327 1321 509 1404 utriusque,
539 1327 623 1403 quod
646 1327 815 1391 transitum
842 1324 920 1391 facit
941 1346 961 1389 a
982 1325 1089 1404 priore
1112 1340 1231 1404 genere
1258 1321 1300 1385 ad
1323 1319 1369 1383 al·

209 1423 334 1496 terum,
369 1421 507 1498 spatium
531 1425 623 1502 quasi
646 1425 730 1502 quod
756 1424 840 1488 inter
866 1430 1038 1503 utrumque
1060 1421 1238 1485 interiacet.
1284 1417 1368 1481 Hinc

209 1514 273 1578 tria
295 1516 437 1580 existunt
458 1537 594 1599 genera,
624 1522 738 1600 quibus
760 1539 877 1585 nomen
899 1522 939 1586 ad
961 1520 1095 1601 primam
1118 1516 1210 1582 verbi
1232 1515 1368 1580 formam

209 1616 284 1680 addi
306 1623 424 1697 potest,
447 1635 530 1696 quae
549 1617 665 1681 similia
687 1624 762 1684 sunt
783 1620 886 1684 tribus
901 1617 1028 1682 casibus
1052 1615 1152 1695 quiin
1168 1614 1279 1693 lingua
1295 1629 1368 1676 san·

209 1714 339 1778 scritica
355 1715 529 1793 separatim
544 1720 665 1792 extant,
680 1714 829 1793 ablativo,
850 1713 1095 1792 instrumentali,
1117 1711 1262 1788 locativo,
1289 1726 1369 1788 quo·

207 1829 280 1876 rum
310 1811 413 1889 primo
445 1812 618 1891 respondet
647 1810 834 1875 Latinorum
861 1809 1020 1876 ablativus
1048 1809 1193 1891 originis,
1228 1805 1368 1871 alterum

209 1925 312 1988 genus
334 1908 519 1987 transitum,
547 1908 646 1986 viam,
671 1906 894 1987 differentiam,
917 1908 1176 1983 instrumentum,
1206 1903 1300 1969 simil.
1326 1903 1368 1968 si·

209 2001 348 2084 gnificat,
370 2003 527 2070 locativus
550 2011 656 2070 autem
686 2005 774 2069 tertii
796 2005 980 2070 Latinorum
1004 2004 1135 2069 ablativi
1163 2007 1289 2083 partem
1313 2018 1368 2064 ex·

208 2100 328 2180 primit,
350 2117 413 2180 quo
434 2101 532 2179 locus,
557 2100 612 2166 ubi
634 2103 710 2182 quid
733 2110 798 2183 est,
822 2104 958 2184 spatium
983 2102 1066 2182 quod
1088 2102 1165 2182 quid
1187 2098 1368 2179 occupavit,

208 2205 347 2278 tempus,
369 2199 518 2278 qualitas,
540 2198 651 2278 forma,
676 2201 766 2266 simil.
783 2199 1010 2283 significantur.
1055 2200 1143 2265 Haec
1166 2198 1228 2264 tria
1243 2213 1368 2280 genero

207 2295 340 2360 ablativi
352 2297 456 2376 possis
471 2300 634 2360 ablativum
649 2302 803 2375 minanti,
825 2302 988 2364 ablativum
1008 2301 1106 2368 metii,
1128 2299 1291 2361 ablativum
1314 2299 1368 2356 ha·

208 2396 285 2456 bitus
308 2395 420 2459 dicere.
468 2394 609 2472 Quorum
633 2415 673 2462 ex
694 2396 748 2475 iis,
782 2415 863 2476 quae
889 2397 921 2460 in
943 2396 1157 2478 grammaticis
1186 2393 1281 2473 vulgo
1311 2411 1369 2473 po·

208 2494 329 2552 nuntur
357 2489 466 2556 formis
503 2493 649 2573 ablativi,
689 2496 885 2574 respondent
916 2495 1018 2574 primo
1051 2494 1210 2558 ablativus
1243 2495 1300 2552 loci
1327 2489 1368 2554 ad

207 2585 490 2666 interrogationem
505 2594 584 2655 nude
604 2591 812 2670 respondens,
835 2593 993 2658 ablativus
1014 2594 1150 2667 temporis
1169 2589 1367 2668 respondens

207 2682 250 2745 ad
271 2683 380 2750 interr.
404 2705 424 2746 a
438 2707 495 2762 quo
510 2691 663 2764 temporc?,
686 2688 746 2754 abl.
764 2692 898 2766 mimula,
920 2691 982 2755 abl.
999 2689 1227 2764 comparationis
1248 2686 1367 2749 omisso

206 2800 298 2856 qnam
319 2783 458 2862 positus,
492 2793 526 2847 et
547 2785 698 2850 nonnulla
720 2804 837 2864 genera
859 2787 989 2852 ablativi
1011 2806 1130 2856 canace,
1161 2784 1253 2848 alteri
1277 2782 1366 2847 ablo-

206 2878 292 2941 tivus
314 2899 468 2944 mensurae
489 2883 614 2960 positus
636 2883 669 2946 in
692 2881 871 2948 differentia
892 2883 1063 2963 metienda,
1086 2882 1147 2947 abl.
1165 2882 1365 2948 instrumenti,

205 2973 344 3053 plurima
366 2996 485 3057 genera
508 2980 569 3044 abl.
592 2999 700 3044 onnam
722 2986 756 3042 et
781 2980 842 3046 abl.
870 2984 973 3054 pretii,
1007 2980 1102 3044 tertio
1134 2980 1270 3056 denique
1300 2976 1363 3041 abl.

206 3072 262 3132 ton
283 3078 316 3139 et
338 3079 474 3151 munais
496 3077 690 3156 respondens
713 3077 753 3139 ad
775 3077 1042 3157 interrogationes
1064 3079 1135 3139 ubi?
1159 3083 1192 3140 et
1212 3078 1365 3150 quantoe,

203 3168 267 3232 abl.
290 3174 377 3244 modi,
400 3173 461 3238 abl.
485 3177 646 3249 qualitatis.

292 3265 405 3332 Omnia
427 3278 549 3350 autem,
572 3289 654 3351 quae
677 3269 718 3335 ad
740 3274 858 3336 statum
883 3272 1018 3337 subiecti
1039 3271 1221 3337 accuratius
1244 3272 1364 3336 descri-

204 3365 344 3430 bendum
366 3367 541 3449 adduntur,
574 3374 710 3449 possunt
738 3370 861 3432 autad
890 3374 1086 3445 quantitatem
1110 3375 1166 3433 aut
1195 3369 1235 3433 ad
1266 3372 1364 3444 qnali-

205 3469 296 3524 tatem
317 3461 440 3527 referri.
484 3465 544 3528 llla
571 3467 688 3530 iterum
712 3466 808 3532 dividi
830 3473 965 3548 possunt
992 3469 1024 3530 in
1051 3485 1104 3545 ea,
1139 3483 1220 3545 quae
1243 3467 1362 3530 extrin-

205 3577 298 3624 secus
333 3566 452 3624 statum
486 3562 575 3627 illum
613 3565 825 3643 constituunt,
859 3582 921 3643 quo
955 3564 1117 3644 pertinent
1146 3565 1252 3628 omnia
1280 3580 1361 3641 quae

204 3653 310 3720 locum
333 3662 367 3720 et
387 3661 512 3737 tempus
535 3661 724 3738 exprimunt,
749 3663 836 3726 etin
858 3680 896 3725 ea
918 3679 1000 3741 quae
1024 3661 1209 3726 interiorem
1236 3661 1361 3740 quanti·

205 3756 307 3816 tatem
339 3759 444 3820 status
473 3755 673 3836 describunt,
713 3776 808 3840 quam
836 3777 895 3824 nos
924 3758 1058 3822 dicimus
1086 3761 1223 3834 pradum.
1273 3758 1360 3822 Haec

203 3846 358 3918 bactenus
380 3852 551 3920 Iacobsius.

546 4035 567 4088 1.
604 4037 787 4092 Ablativus
807 4037 1020 4106 quantitatis.

290 4143 319 4202 8.
352 4142 511 4208 Ablutinus
534 4147 598 4206 loct.
645 4147 676 4222 a)
694 4148 847 4221 principit.
892 4147 1059 4212 Ablativus
1083 4146 1228 4226 principii
1256 4146 1359 4226 expri-

202 4234 263 4298 mit
284 4234 406 4318 locum,
429 4242 513 4304 unde
535 4242 618 4306 actio
640 4240 866 4322 proficiscitur,
896 4261 959 4324 quo
981 4244 1143 4324 pertinent
1164 4244 1293 4308 nomina
1313 4246 1359 4308 lo·
