3040 4758
216 270 259 326 26
645 258 799 298 sensimus.
822 257 885 298 OAP.
900 259 941 298 111.

305 431 343 495 In
372 434 515 496 extrema
543 430 603 495 hac
632 431 848 511 disputatione
875 447 990 510 ponam
1014 446 1069 494 eos
1090 428 1191 509 locos,
1226 430 1280 494 uhi
1304 451 1382 506 opus

217 537 261 592 ert
289 528 341 593 vel
369 548 440 590 asts
470 535 512 590 est
541 528 743 594 coniunctum
774 533 824 592 est
846 547 917 592 eum
946 527 1084 590 ablativo
1111 528 1274 608 participii
1304 547 1382 607 per·

221 625 296 691 fecti
318 626 436 707 passivi
465 626 498 689 in
522 643 640 708 genere
661 630 777 690 neutro
805 625 903 704 positi
925 623 1136 706 praecedente
1163 630 1278 690 neutro
1303 643 1383 707 pro·

219 723 368 802 nominis,
398 724 482 802 quiod
504 728 612 788 utrum
633 721 667 786 in
689 723 870 787 accusativo
893 723 1051 803 pendente
1075 727 1094 786 a
1116 721 1284 802 participio
1313 721 1383 802 iiio,

218 820 305 902 quod
327 820 418 900 quasi
437 818 585 884 infinitivi
604 817 763 884 ablativus
787 824 882 898 esset,
906 836 947 883 an
969 819 1003 883 in
1024 819 1216 884 nominativo
1235 820 1383 902 positum

218 918 424 982 statuendum
445 921 539 996 esset,
563 916 617 980 diu
636 916 849 997 disceptatum
870 923 920 982 est
939 918 1024 981 inter
1038 917 1271 997 grammaticos.
1309 917 1383 997 Ego

221 1032 347 1096 quoque
370 1015 424 1078 diu
446 1014 598 1092 dubitavi,
622 1019 727 1078 utram
750 1014 782 1078 in
805 1015 997 1079 sententiam
1019 1013 1153 1094 abirem,
1177 1015 1278 1079 donec
1302 1013 1385 1078 mihi

220 1112 361 1179 occurrit
382 1112 471 1176 locus
495 1111 625 1176 Catonis
647 1109 679 1173 in
701 1110 738 1175 R.
762 1111 799 1174 R.
824 1130 849 1176 c.
867 1117 900 1176 2:
923 1131 999 1188 poor
1021 1115 1314 1188 portentuoso,
1338 1117 1383 1174 io-

220 1216 335 1286 centur,
358 1210 411 1289 qui
436 1213 526 1272 extre
549 1226 674 1272 omnem
698 1208 930 1273 dubitationem
953 1210 1059 1290 ponit,
1083 1227 1210 1290 semper
1232 1211 1381 1275 nomina·

221 1305 303 1370 tivos
332 1323 402 1370 esse
431 1305 628 1370 statuendos.
675 1303 842 1371 Consentit
869 1306 1007 1372 Haasius
1037 1307 1078 1372 ad
1105 1307 1222 1388 Reisig.
1251 1325 1282 1386 p.
1309 1311 1384 1386 233,

221 1403 327 1468 adnot.
352 1405 424 1468 275.
468 1403 517 1466 Ex
539 1401 647 1466 Plauti
669 1405 841 1470 comoediis
863 1404 964 1470 habes
988 1404 1133 1485 exempla
1154 1404 1242 1469 haee.
1281 1404 1384 1468 Mero.

220 1499 279 1580 ΙΙΙ,
304 1505 332 1580 3,
356 1506 393 1565 4:
416 1503 494 1576 qrrod
515 1506 600 1576 opust
621 1503 710 1575 facto,
733 1503 825 1565 facito
848 1512 881 1564 nt
904 1507 1026 1578 cogites.
1072 1500 1108 1566 of.
1133 1521 1161 1566 v.
1185 1507 1217 1566 5:
1241 1504 1386 1580 equidem

222 1602 325 1660 hercle
348 1618 420 1674 epos
443 1602 496 1660 boc
518 1601 598 1672 facto
621 1608 801 1662 exaestumo.
848 1599 891 1678 ΙΙ,
909 1606 937 1680 2,
955 1605 1009 1664 58;
1033 1598 1087 1661 hoc
1106 1601 1179 1660 mihi
1193 1603 1286 1660 risose
1300 1618 1384 1674 opus.

108 1737 116 1753 .
220 1695 301 1759 Rud.
326 1695 373 1774 II,
398 1700 431 1774 3,
457 1700 512 1758 67:
551 1700 612 1757 lam
635 1699 706 1756 istoc
729 1700 821 1774 magis
844 1716 915 1758 osus
937 1698 1051 1769 factost.
1096 1695 1193 1760 Stich.
1216 1696 1247 1774 I,
1276 1701 1312 1776 2,
1346 1701 1384 1760 4:

220 1795 299 1868 quod
323 1801 412 1868 opust
435 1794 524 1855 facte.
570 1792 654 1856 Trin.
671 1792 712 1870 ΙΙ,
734 1799 764 1871 4,
791 1798 867 1859 183:
891 1796 961 1870 quid
983 1795 1064 1856 facto
1088 1814 1161 1870 opus
1185 1799 1233 1856 sit.
1266 1792 1385 1873 Amph.

220 1888 263 1967 II,
289 1895 316 1968 1,
341 1895 397 1952 81:
420 1911 486 1952 nam
509 1893 581 1952 mihi
602 1892 679 1950 istuc
700 1893 826 1965 primum
849 1893 1020 1967 reputatos
1040 1911 1121 1966 opas.
1165 1890 1195 1971 Ι,
1220 1897 1253 1971 3,
1278 1898 1311 1955 7:
1336 1893 1385 1951 ei-

221 1990 280 2050 tius
302 1989 380 2062 quod
402 2007 459 2050 non
482 1990 587 2062 factost
607 2006 679 2048 astes
701 1989 735 2048 fit
758 2009 844 2064 quam
867 1991 944 2064 quod
963 1991 1071 2062 factost
1091 2008 1171 2063 opas
1207 1987 1284 2053 eist.
1302 1989 1330 2067 Ι,
1355 1991 1384 2064 2,

224 2088 277 2148 1οι
301 2087 414 2145 Tacere
438 2103 552 2160 nequeo
576 2089 695 2160 misera,
718 2089 796 2160 qaod
817 2089 904 2148 tacito
926 2107 997 2148 osas
1021 2092 1069 2148 est.
1110 2084 1180 2148 Cas.
1198 2085 1258 2165 ΙΙΙ,
1276 2092 1307 2166 3,
1330 2091 1386 2149 24;

222 2185 300 2258 quod
323 2183 434 2244 factost
456 2203 538 2258 opus.
584 2181 711 2246 Terent.
736 2183 832 2247 Andr.
856 2183 915 2262 ΙΙΙ,
940 2190 977 2262 2,
1001 2190 1042 2248 43
1067 2183 1254 2262 (Raudii,
1277 2203 1309 2264 p.
1334 2187 1385 2260 69,

221 2279 328 2343 adnot.
354 2280 420 2354 67):
450 2281 528 2354 quod
544 2285 654 2354 parato
677 2300 749 2354 opus
770 2287 819 2349 est,
842 2301 923 2356 para.
970 2282 1034 2360 ΙΙΙ,
1058 2288 1092 2361 2,
1119 2286 1172 2345 1οι
1207 2285 1278 2358 quid
1302 2284 1384 2344 facto

222 2386 304 2438 esset
329 2397 414 2454 opus.
458 2375 594 2454 Adelph.
617 2375 671 2453 IV,
697 2384 731 2456 7,
767 2382 806 2440 22
835 2377 1002 2458 (Rodii,
1031 2398 1061 2459 p.
1086 2385 1143 2459 67,
1178 2380 1384 2454 adnotent:

219 2479 246 2536 si
269 2477 343 2535 iilud
365 2477 442 2548 qood
463 2493 598 2534 maxume
623 2493 695 2548 opos
718 2481 761 2536 est
780 2476 861 2536 iacto
888 2497 946 2537 non
969 2479 1058 2538 eadit.
1103 2475 1141 2554 V,
1165 2481 1198 2556 9,
1222 2481 1277 2542 39:
1312 2480 1385 2537 Plus

219 2574 279 2632 seis
302 2573 474 2645 putrifacto
496 2590 568 2645 opos
591 2578 640 2632 est.
685 2571 744 2650 ΙΙΙ,
770 2577 798 2649 5,
816 2577 855 2636 75
880 2573 1031 2647 (Haesius
1047 2573 1087 2636 ad
1102 2573 1220 2653 Reisig.
1244 2591 1274 2652 p.
1290 2571 1384 2652 704):

220 2687 326 2730 moneo
355 2671 429 2743 quta
454 2671 533 2742 foetu
560 2688 632 2732 usas
659 2672 706 2730 sit.
750 2668 876 2732 Phorm.
901 2669 938 2745 V,
964 2676 996 2748 1,
1021 2675 1075 2734 35:
1109 2675 1195 2732 Nune
1217 2672 1290 2746 qaid
1311 2687 1385 2744 opos

219 2766 299 2838 facto
322 2769 362 2826 ait
383 2770 458 2827 vide.
503 2766 580 2830 Hee.
603 2765 640 2842 V,
663 2771 693 2844 4,
719 2771 773 2831 38:
797 2771 874 2844 quod
898 2769 978 2830 facto
1001 2789 1071 2830 usus
1095 2773 1142 2832 sit.

308 2863 481 2926 Videamus
503 2863 627 2942 reliqua
649 2864 757 2927 verba.
802 2863 905 2928 Plaut.
931 2865 1016 2929 Trin.
1040 2866 1065 2945 I,
1089 2871 1123 2944 2,
1148 2869 1180 2928 5:
1218 2867 1275 2925 Hic
1297 2868 1383 2925 illest

220 2969 343 3022 senecta
375 2970 474 3023 aetate
499 2966 548 3037 qui
572 2963 683 3033 factost
698 2981 786 3034 puer.
831 2960 910 3026 Cato
934 2962 970 3026 R.
991 2963 1029 3027 R.
1053 2981 1078 3028 c.
1106 2968 1182 3026 157:
1206 2966 1311 3022 Altera
1335 2968 1383 3022 est

220 3060 334 3134 erispa,
365 3062 490 3134 opiaeort
512 3064 642 3120 coeatur.
688 3057 734 3120 ΙΙ).
759 3063 834 3119 Item
857 3068 902 3121 est
926 3065 1025 3137 tertia,
1053 3081 1128 3139 quae
1152 3063 1225 3121 leuis
1246 3067 1380 3122 occatur.

218 3153 313 3217 Ennii
341 3154 541 3220 Euhemerus
569 3154 606 3218 ir.
630 3161 665 3233 4,
697 3159 751 3218 27:
790 3160 841 3232 qui
868 3160 966 3218 Titani
990 3168 1141 3221 vocantur.
1187 3157 1224 3220 fr.
1254 3163 1288 3236 7,
1324 3160 1379 3220 36:

218 3254 299 3326 quod
323 3257 427 3316 aether
451 3257 620 3314 vocabatur.
666 3251 770 3316 Plaut.
793 3253 908 3318 Bacch.
923 3255 982 3334 ΙΙΙ,
1006 3261 1034 3334 3,
1060 3260 1113 3318 69;
1139 3259 1211 3330 Quis
1235 3254 1380 3316 vocatur?

219 3346 283 3410 LU.
312 3352 447 3414 Bacchis.
484 3351 532 3414 De
563 3353 665 3412 uocari
693 3367 764 3414 eum
793 3353 986 3416 nominativo
1009 3353 1183 3432 praedicati
1212 3353 1379 3416 coniuncto

219 3444 292 3509 vide
316 3445 413 3510 etiam
434 3448 505 3512 Par.
530 3454 563 3514 et
586 3448 717 3512 Taubm.
741 3449 782 3512 ad
805 3449 917 3529 Amph.
942 3451 971 3529 Ι,
998 3455 1031 3530 1,
1061 3455 1132 3514 226.
1178 3449 1273 3513 Mero.
1299 3447 1377 3528 prol.

219 3561 247 3606 v.
272 3549 304 3606 5:
340 3549 454 3606 Graece
478 3550 549 3607 haee
568 3553 691 3608 vocator
712 3551 859 3622 Emporos
881 3551 1072 3610 Philemonis.
1103 3581 1144 3590 -
1173 3545 1252 3610 Cato
1276 3546 1314 3610 R.
1339 3545 1377 3608 R.

219 3658 245 3704 o.
274 3648 346 3706 157:
371 3647 466 3719 prima
490 3651 544 3717 est,
569 3647 639 3704 lenis
662 3664 736 3720 quae
759 3648 938 3706 nominatur.
984 3644 1087 3710 Plaut.
1104 3643 1200 3708 Stich.
1222 3643 1264 3722 ΙΙ,
1293 3650 1318 3722 l,
1345 3648 1377 3706 1:

218 3743 396 3814 Mercurius,
421 3743 499 3801 Iovis
521 3743 571 3816 qui
592 3745 715 3803 oratius
730 3745 912 3816 perhibetur,
933 3740 969 3806 cf.
993 3742 1098 3806 Plaut.
1121 3760 1171 3821 ap.
1200 3741 1280 3806 Gell.
1305 3739 1376 3818 VII,

218 3842 252 3900 7:
275 3841 325 3898 Me
350 3841 415 3900 uolo
438 3838 544 3909 fertem
560 3841 746 3912 perbiberier
768 3843 874 3902 orrum.
913 3839 1027 3904 Bacch.
1045 3839 1103 3918 III,
1129 3846 1157 3919 3,
1183 3845 1236 3903 21:
1260 3844 1301 3900 Et
1316 3842 1375 3899 dis-

217 3940 334 4012 cipuius
360 3945 391 3996 et
410 3940 551 4012 magister
568 3940 804 4010 perhibebuntur
825 3939 950 4012 inprobi.
997 3936 1093 4001 Stich.
1111 3957 1139 4000 v.
1159 3943 1194 4001 ll
1221 3955 1303 4016 sqq.:
1328 3936 1376 4012 qui

217 4053 286 4093 usur
303 4036 388 4093 unice
406 4036 525 4096 Civibus
548 4053 585 4094 ex
601 4038 734 4096 omnibus
745 4038 858 4108 probus
874 4036 1058 4096 Perbihetur.
1095 4034 1223 4098 Terent.
1240 4031 1375 4113 Adelph.

216 4129 278 4208 III,
312 4135 347 4208 4,
381 4134 434 4194 59;
471 4135 496 4192 si
519 4152 570 4194 vos
594 4135 682 4193 voltis
698 4134 852 4205 perhiberi
868 4136 986 4206 probos.
1031 4132 1134 4195 Plaut.
1162 4130 1258 4196 Poen.
1283 4131 1320 4212 V,
1345 4135 1372 4208 2,

219 4232 293 4290 117:
317 4231 429 4289 Iterum
444 4232 515 4291 mihi
528 4235 637 4305 prame
650 4232 758 4298 videor,
782 4233 860 4305 quod
881 4239 910 4292 te
927 4235 1057 4308 repperi.
1104 4229 1230 4294 Terent.
1247 4229 1373 4293 Phorm.
