3004 4764
468 284 497 325 11.
525 283 695 324 raonoallraa
709 283 963 324 naudusrunrrvn.
1241 289 1301 348 371

149 459 257 526 addita
285 475 435 540 persona,
467 462 581 522 neutro
609 456 820 537 pronominis,
848 457 942 538 plane
964 462 1001 522 ut
1023 455 1174 522 Germani
1195 455 1305 520 dicunt

151 562 190 624 aa
212 558 327 641 ropac
372 557 499 621 Terent.
528 555 643 622 Heaut.
666 555 725 637 ΙΠ,
750 561 777 626 1,
802 562 836 620 1:
870 558 1003 619 Luciscit
1027 559 1080 618 icoc
1105 558 1172 616 iam.
1218 553 1303 617 Raro

150 659 298 723 neutrum
321 659 374 717 noc
395 653 535 719 refertur
556 653 596 719 ad
618 653 835 735 praedicatum
859 654 976 719 diversi
1001 651 1142 736 generis,
1174 649 1219 716 sic
1241 649 1302 714 Te·

60 765 64 772 ’
150 759 230 820 rent.
256 752 352 818 Andr.
377 752 402 829 Ι,
427 758 455 832 ὅ,
479 757 512 817 2:
549 755 574 816 si
603 756 654 814 icoc
683 771 741 814 non
770 756 993 828 contumeliosi,
1027 752 1081 816 ubi
1108 754 1161 812 noc
1187 747 1306 812 retinet

150 851 325 917 Bentleius.
359 849 461 915 Multo
488 849 684 930 frequentior
710 852 743 912 et
773 848 839 914 iere
871 851 938 916 sola
964 851 1083 915 usitato
1113 852 1164 913 est
1190 847 1223 910 in
1244 845 1305 910 hcc

151 967 269 1031 genere
290 948 438 1013 attractio
462 948 528 1012 sive
550 947 734 1013 assimilatio
758 947 893 1028 generis,
917 951 953 1012 ut
968 947 1070 1012 Plaut.
1087 945 1168 1010 Ruri.
1184 962 1211 1007 v.
1227 947 1304 1008 199:

150 1051 236 1109 Haeo
258 1050 321 1110 eius
345 1055 413 1110 sunt
434 1049 577 1108 bonorum
604 1049 764 1124 reliquiae,
787 1045 841 1110 ubi
864 1049 935 1108 hacc
962 1045 1145 1109 femininum
1173 1047 1236 1122 est,
1268 1046 1306 1105 ut

151 1161 256 1226 saepe.
302 1143 414 1224 Amph.
438 1143 480 1224 ΙΙ,
504 1149 532 1220 2,
559 1147 634 1208 182:
669 1147 699 1206 Si
727 1147 844 1221 quidem
871 1148 943 1206 aueo
970 1146 1028 1205 iarn
1058 1145 1166 1206 mulier
1195 1143 1305 1204 iactast

151 1263 188 1306 ex
210 1245 283 1318 viro,
307 1242 346 1307 ad
370 1260 398 1322 q.
421 1240 441 1306 l.
467 1240 620 1306 Gronau:
656 1241 715 1322 „de
738 1241 821 1321 viro;
851 1240 996 1322 respicit,
1019 1241 1104 1321 quod
1125 1257 1208 1303 nunc
1232 1255 1304 1302 eum

151 1357 221 1404 esse
245 1336 335 1420 fingit
358 1357 393 1403 se
415 1337 559 1420 putare.“
604 1339 718 1405 Pseud.
735 1338 779 1419 II,
802 1345 832 1419 2,
856 1343 912 1404 20:
935 1343 1010 1402 Nam
1033 1343 1105 1401 lucc
1126 1339 1197 1399 mihi
1219 1339 1304 1397 incus

152 1449 207 1514 est,
231 1437 315 1518 quod
338 1437 446 1500 itidem
470 1436 509 1501 de
531 1435 599 1502 viro
622 1437 747 1502 dicitur.
793 1435 919 1501 Terent.
936 1436 1034 1501 Andr.
1052 1437 1076 1516 l,
1103 1442 1129 1515 l,
1153 1439 1209 1499 99:
1234 1437 1307 1496 tuce

151 1541 233 1598 illast
255 1538 468 1611 misericordia,
492 1540 529 1598 ut
550 1535 646 1616 paulo
669 1539 757 1600 ante:
780 1538 834 1597 hoo
855 1537 928 1596 illud
952 1544 1006 1598 est.

236 1633 266 1697 b.
290 1635 441 1694 Numerus
457 1637 643 1708 pronominis
666 1636 721 1694 tio.
767 1632 930 1697 Interdum
953 1631 1087 1715 pluralis
1110 1627 1306 1711 pronominis

151 1730 280 1812 ponitur
310 1730 431 1794 relatus
459 1730 498 1793 ad
526 1748 750 1812 praegressum
781 1731 975 1812 singularem
1011 1727 1209 1795 substantivi.
1254 1724 1306 1790 Sic

152 1827 279 1892 Terent.
304 1826 537 1908 Heaut.11,4,
563 1833 616 1892 13:
653 1830 766 1907 Quoius
792 1850 854 1890 mos
883 1836 1047 1891 maxumest
1072 1827 1233 1890 consimilis
1255 1842 1305 1886 vo·

152 1934 260 2005 strum,
284 1929 317 1987 lu·
339 1945 370 1988 se
393 1927 431 1988 ad
454 1946 504 1989 vos
527 1929 687 2004 adplicant.
734 1927 812 1990 Eun.
836 1926 861 2004 Ι,
885 1931 913 2006 2,
937 1931 976 1990 87
984 1946 991 1990 :
1028 1927 1209 1988 Eunuchum
1232 1923 1306 1983 dixti

151 2027 228 2085 velle
252 2033 292 2099 te,
319 2027 395 2099 Quia
418 2029 499 2086 solae
524 2033 646 2085 utuntur
667 2027 713 2086 lu’s
735 2029 866 2102 reginae,
896 2023 926 2089 h.
948 2042 974 2089 e.
999 2022 1160 2088 eunuchis,
1184 2019 1306 2086 Similia

152 2121 236 2200 apud
260 2120 402 2186 Graecos
421 2123 493 2185 vide
517 2123 601 2202 apud
626 2122 740 2187 Bernh.
765 2126 845 2204 synt.
868 2141 898 2202 p.
922 2127 993 2187 282.

237 2237 262 2283 c.
291 2220 441 2280 Attructu'o
463 2239 548 2282 casus
569 2224 602 2281 in
619 2224 794 2296 pronomine
817 2224 872 2282 laic.
918 2220 1081 2285 Interdum
1105 2216 1190 2298 apud
1211 2216 1306 2280 Plau·

151 2319 219 2379 tum
235 2321 269 2380 et
284 2316 467 2389 Terentium
484 2335 658 2396 pronomen
679 2318 960 2383 demonstrativum
981 2318 1135 2398 recipitur
1157 2315 1189 2379 iu
1208 2331 1306 2380 enun-

152 2412 320 2476 ciationem
343 2412 509 2478 relativam
534 2415 731 2495 eundemque
756 2433 862 2481 casum
886 2415 1046 2496 adsciscit,
1080 2416 1113 2480 in
1136 2429 1198 2493 quo
1222 2411 1306 2475 rela-

150 2509 251 2573 tivum
274 2509 412 2589 positum
436 2514 493 2574 est.
539 2511 590 2576 Sic
613 2530 661 2593 ap.
685 2512 787 2578 Plaut.
813 2513 927 2578 Bacch.
944 2513 998 2593 IV,
1021 2519 1050 2593 9,
1078 2518 1129 2577 11:
1152 2515 1228 2574 Nam
1251 2528 1305 2585 ego

151 2609 206 2668 leus
228 2609 355 2668 tabellas
379 2611 560 2684 opsignatas,
584 2615 771 2688 consignatas
794 2631 868 2688 quus
890 2614 963 2688 iero,
986 2615 1052 2674 Non
1077 2619 1144 2674 sunt
1167 2612 1305 2673 tabellae.

151 2701 241 2786 Capt.
263 2704 343 2785 prol.
367 2720 394 2767 v.
422 2711 454 2769 1:
917 2781 920 2788 Ι
1092 2787 1094 2794 y

316 2805 382 2864 Hos
403 2823 475 2878 quos
497 2807 605 2868 videtis
629 2813 709 2869 stare
733 2811 781 2871 hic
806 2813 938 2886 captivos
962 2811 1044 2885 duos,

317 2903 417 2962 Vincti
442 2907 510 2979 quia
533 2912 643 2980 astant,
667 2907 699 2966 ln'
723 2914 804 2968 stant
827 2910 921 2986 ambo,
944 2927 1001 2969 non
1026 2909 1138 2983 sedent,

150 2995 191 3062 ad
214 3015 242 3078 q.
267 2995 286 3061 l.
309 2996 399 3062 Lind.
423 2999 544 3064 Eodem
566 3002 660 3066 modo
682 3005 855 3085 repetitum
879 3009 929 3068 est
951 3023 1123 3085 pronomen
1146 3002 1208 3068 alio
1231 3021 1307 3067 casu

152 3091 247 3159 Poen.
272 3093 332 3176 III,
358 3101 386 3177 3,
410 3102 465 3162 24:
499 3103 544 3162 Hi
563 3104 614 3175 qni
635 3105 717 3163 illum
741 3105 846 3164 dudum
872 3107 1105 3167 conciliaverunt
1126 3105 1197 3164 mihi
1219 3104 1309 3162 Pere-

149 3195 265 3272 grinum
282 3195 472 3272 Spartanum,
495 3201 525 3258 id
541 3217 618 3259 nunc
634 3201 682 3261 ln's
697 3202 852 3261 cerebrum
867 3205 973 3277 uritur,
996 3200 1037 3264 ad
1059 3217 1088 3280 q.
1109 3200 1128 3265 l.
1154 3198 1306 3264 Turneb.:

150 3289 211 3370 „Ii,
247 3308 381 3371 quorum
404 3310 502 3373 opera
524 3293 575 3359 hic
598 3294 775 3375 Spartanus
805 3296 845 3361 ad
867 3317 917 3362 me
945 3299 1046 3379 venit,
1079 3299 1214 3363 moleste
1245 3295 1307 3360 iam

146 3387 267 3468 ferunt,
299 3406 351 3452 me
379 3388 439 3455 hos
465 3397 625 3457 trecentos
652 3392 814 3475 Philippos
842 3393 1081 3460 lucrifacturum
1104 3415 1185 3462 esse.
1222 3393 1307 3458 lllud

147 3492 254 3551 autem
284 3490 316 3548 ln·
345 3505 407 3551 non
440 3487 538 3553 habet
568 3507 629 3569 quo
659 3489 832 3573 referatur,
869 3511 956 3559 more
987 3494 1133 3561 comico.“
1177 3494 1305 3558 Terent.

147 3583 243 3648 Andr.
267 3584 291 3663 I,
323 3590 349 3664 l,
375 3589 429 3649 20:
464 3590 544 3665 Quos
571 3591 668 3650 credis
697 3609 763 3653 esse
793 3594 862 3663 laus,
896 3613 953 3655 non
977 3602 1045 3656 sunt
1067 3613 1154 3656 verae
1175 3595 1305 3668 nuptiae.

233 3685 282 3745 20.
326 3685 388 3744 Iste
416 3685 462 3760 (et
484 3689 560 3761 istic)
588 3687 724 3768 primum
754 3693 804 3754 est
831 3686 1112 3756 demonstrativum
1147 3688 1305 3757 secundae

146 3793 314 3856 personae.
360 3779 412 3845 Sic
434 3781 537 3848 Plaut.
561 3784 676 3850 Bacch.
701 3785 759 3863 ΙΙΙ,
785 3792 812 3863 6,
839 3793 894 3853 32:
920 3793 995 3866 Quid
1017 3794 1094 3853 istuc
1117 3793 1186 3853 est?
1209 3789 1253 3873 (h.
1278 3807 1304 3854 e.

146 3875 290 3952 quadiu
312 3877 413 3954 dicis).
459 3880 530 3944 Aul.
555 3881 610 3958 IV,
636 3888 684 3962 10,
711 3889 763 3949 17;
799 3889 874 3948 Nom
897 3870 1019 3950 siistuc
1048 3893 1094 3951 ius
1124 3899 1184 3964 est,
1219 3897 1251 3951 ut
1273 3899 1305 3950 tu

145 3973 222 4032 istuc
249 3991 392 4037 excusare
424 3983 556 4056 possies,
590 3979 619 4044 h.
651 3981 791 4063 equod
821 3989 855 4047 tu
882 3981 969 4049 facis.
1013 3984 1079 4049 Mil.
1103 3985 1158 4066 IV,
1188 3989 1216 4062 2,
1248 3990 1306 4050 50:

145 4071 260 4131 Multae
276 4073 355 4131 idem
369 4075 445 4137 istuc
460 4079 537 4137 aliae
554 4081 684 4155 cupiunt,
707 4077 737 4142 h.
755 4098 780 4144 e.
798 4081 882 4160 quod
901 4086 937 4146 tu
962 4082 1048 4147 dicis,
1093 4081 1152 4166 III,
1178 4087 1205 4163 1,
1231 4088 1305 4150 179:

146 4169 237 4229 oredo
261 4185 314 4246 ego
336 4171 413 4234 utne
435 4177 523 4251 item,
547 4171 577 4236 h.
601 4191 626 4238 e.
651 4176 761 4240 eodem
784 4179 959 4259 modoque
982 4184 1026 4244 tu.
1077 4181 1167 4264 Capi.
1190 4181 1249 4263 111,
1273 4185 1304 4263 4,

148 4268 223 4329 105:
252 4267 335 4328 Satin
356 4271 432 4332 istuc
452 4273 524 4332 mihi
547 4273 753 4349 exquisitumst
775 4275 867 4340 fuisse
890 4281 969 4341 hunc
992 4299 1110 4345 servom
1135 4286 1164 4345 in
1187 4281 1305 4358 Alidei,

1001 4384 1067 4445 24*
