3004 4764
458 287 495 328 lv.
522 285 692 328 ruouorssua
706 285 952 327 raphanelaeum.
1219 293 1286 354 389

130 465 229 526 habea
251 463 450 526 condonamus
472 470 502 525 to
532 461 588 542 (ao.
611 459 664 533 id).
709 457 785 524 Hec.
809 457 834 542 1,
858 464 887 541 2,
910 463 965 525 61:
997 461 1092 522 Nocte
1115 463 1168 521 illa
1189 465 1286 537 prima

127 564 276 640 uirginem
299 579 358 622 non
379 563 492 637 attigit:
515 563 598 638 Quae
620 565 810 622 consecutust
830 575 890 619 noa
911 575 985 638 eam,
1008 560 1069 620 nilo
1091 561 1192 636 magia.
1227 557 1284 630 ΙΠ.

132 666 163 740 1,
181 663 235 724 31:
260 661 329 736 quia
348 660 424 719 enim
437 661 553 732 puteos
570 659 716 735 gubernat
726 657 844 718 animas
861 655 1008 717 infirmum
1021 662 1136 731 gerunt.
1171 654 1231 720 Ad.
1245 654 1285 734 V,

133 761 165 837 3,
182 761 239 820 21:
262 758 422 832 Principio,
445 759 472 818 si
487 757 517 817 id
534 763 564 817 to
584 757 709 830 mordet,
727 759 877 829 ‚summm
895 754 950 816 filii
965 756 1056 831 Quaem
1074 753 1197 817 iaciunt.
1227 752 1286 817 At·

130 854 250 920 tractio
265 871 358 918 casus
373 855 423 918 est
437 851 553 918 Heaut.
570 851 595 931 I,
613 857 640 929 l,
657 855 712 917 35:
732 855 796 914 Huc
813 852 931 929 quidem
947 869 1045 927 cansa,
1069 871 1129 928 qao
1144 853 1205 913 dixi
1219 854 1284 913 tibi.

219 951 471 1017 Additamentom.
517 950 552 1016 Si
578 950 659 1015 duae
688 948 927 1016 enunciationes
953 947 1106 1014 relativae
1137 949 1178 1014 ad
1212 965 1286 1014 can·

132 1050 207 1115 dem
228 1049 388 1113 notionem
416 1051 574 1128 spectant,
609 1052 757 1113 constans
784 1046 836 1112 hio
857 1051 907 1113 est
934 1065 1012 1112 usus
1034 1050 1069 1113 et
1090 1047 1284 1113 Graecorum

135 1149 178 1224 (ν.
202 1145 318 1210 Bernh.
342 1164 370 1227 p,
396 1149 471 1222 304)
495 1151 529 1212 et
550 1146 725 1227 priscorum
745 1144 931 1209 Latinorum
954 1145 1155 1227 scriptorum,
1177 1147 1214 1209 ut
1235 1161 1286 1209 se·

132 1243 199 1308 mel
221 1248 345 1308 tantum
366 1249 505 1325 ponatur
526 1243 708 1323 relativum,
739 1241 771 1308 in
801 1243 903 1308 altera
931 1245 1036 1308 autem
1065 1241 1285 1308 enunciatione

136 1345 195 1407 aut
223 1341 317 1422 plane
345 1342 466 1407 nullum
495 1359 671 1423 pronomen
697 1345 755 1406 aiut
789 1358 963 1421 pronomen
988 1341 1103 1406 tertiae
1129 1357 1286 1421 personae

135 1443 299 1519 sequatur.
344 1439 395 1505 sic
411 1439 515 1505 Plaut.
532 1437 644 1520 Amph.
668 1439 693 1517 Ι,
720 1445 747 1519 1,
771 1443 847 1504 269;
869 1443 944 1502 Nam
967 1441 1045 1516 quod
1067 1446 1184 1518 egomet
1206 1441 1287 1502 solue

135 1538 198 1600 feci
228 1537 463 1616 necquicquam
487 1542 563 1602 alius
586 1539 683 1601 adfuit
715 1538 757 1611 (h.
781 1556 807 1602 e.
834 1554 892 1602 nec
919 1537 970 1603 cui
996 1537 1068 1614 rei).
1114 1533 1203 1618 Oapt
1226 1534 1286 1614 III,

133 1641 167 1714 4,
191 1640 246 1700 23:
270 1638 381 1714 Quibus
403 1639 551 1713 insputari
573 1640 664 1699 saluti
685 1637 743 1700 fuit
765 1645 853 1714 atqua
874 1639 901 1700 is
922 1635 1045 1713 profuit.
1088 1633 1169 1699 uno.
1191 1634 1233 1715 Π,
1260 1639 1287 1713 1,

133 1737 172 1797 2:
196 1737 377 1796 Praesertim
397 1737 503 1810 quibua
524 1753 580 1797 nec
603 1743 744 1812 quaestus
767 1746 813 1797 est
835 1755 891 1798 nec
913 1743 1010 1797 artem
1033 1736 1164 1795 didicere
1186 1737 1287 1796 ullam.

129 1829 260 1894 Terent.
283 1831 381 1895 Andr.
404 1831 429 1909 Ι,
455 1837 481 1912 l,
505 1835 560 1896 66:
592 1834 668 1894 Nam
697 1837 837 1909 quicum
865 1835 991 1909 ingeniis
1014 1831 1202 1894 conflictatur
1223 1833 1287 1892 elus

131 1931 225 2004 modi,
248 1933 351 2007 Neque
375 1938 576 1994 commovetur
597 1935 711 1994 animus
734 1935 764 1993 in
787 1951 824 1993 ea
845 1950 878 1993 re
900 1939 1009 2003 tamen,
1033 1931 1116 1992 Scias
1131 1946 1219 2006 posse
1235 1931 1287 1991 ha·

129 2031 206 2091 bere
236 2031 293 2090 iam
317 2032 413 2104 ipsum
437 2048 507 2090 suae
529 2032 608 2091 uitae
632 2033 758 2093 modum.
786 2028 920 2109 Adelph.
942 2027 968 2108 Ι,
985 2032 1014 2106 2,
1029 2033 1064 2092 4:
1086 2045 1172 2104 quem
1192 2045 1289 2105 neque

128 2129 227 2204 pudet
251 2129 428 2206 Quicquam,
461 2145 516 2188 nec
538 2130 644 2188 metuit
667 2146 855 2204 quemquam,
884 2145 979 2204 neque
1003 2128 1099 2204 legem
1121 2133 1208 2202 putat
1228 2128 1286 2188 Te·

131 2243 208 2287 nera
232 2243 264 2285 se
287 2225 386 2287 ullam.
431 2223 491 2290 Au.
515 2223 574 2304 ΙΙΙ,
599 2229 627 2304 2,
651 2229 686 2304 8,
714 2224 753 2289 de
782 2242 844 2305 quo
872 2223 942 2290 loco
967 2223 1040 2290 vide
1062 2220 1210 2304 supra·§.
1234 2227 1285 2288 21.

386 2393 440 2458 IV.
482 2394 711 2460 Pronomina
733 2394 1026 2476 interrogativa.

224 2517 274 2577 26.
313 2513 455 2578 Primum
476 2514 538 2581 huc
560 2519 707 2597 spectant
729 2523 794 2594 qais
815 2519 894 2594 quid,
916 2520 967 2594 qai
989 2520 1171 2593 quaequod.
1202 2516 1287 2596 Qua·

133 2626 209 2675 rum
231 2608 403 2674 formarum
426 2616 505 2688 quis,
539 2618 625 2690 quib,
651 2619 702 2692 qui
723 2617 809 2698 apud
830 2617 953 2698 priscos
975 2614 1147 2696 scriptores
1168 2616 1286 2696 promi-

132 2724 215 2774 scue
239 2713 272 2772 et
293 2709 485 2775 substantivi
508 2716 541 2777 et
562 2712 709 2778 adiectivi
731 2713 811 2795 loco,
834 2714 1019 2792 quinetiam
1041 2713 1081 2778 do
1101 2731 1219 2794 genere
1237 2712 1286 2778 ie·

129 2805 252 2871 minino
279 2813 491 2889 usurpantur,
524 2814 602 2886 quod
626 2829 752 2894 semper
781 2813 930 2879 adiectivi
962 2829 1093 2877 munere
1128 2810 1288 2892 lungitur3

136 2903 309 2969 discrimen
330 2909 452 2987 autem,
476 2909 560 2989 quod
582 2909 740 2991 Kritzius,
764 2912 818 2990 qui
839 2912 920 2977 bene
942 2911 982 2976 de
1003 2910 1062 2975 hac
1083 2927 1119 2974 re
1142 2909 1285 2990 disputat

138 3002 181 3067 od
203 2999 278 3066 Sall.
302 3000 394 3069 Catil.
417 3023 442 3070 c.
466 3012 522 3087 44,
556 3007 642 3072 inter
668 3012 735 3084 quic
757 3013 829 3086 qaid
855 3014 888 3075 et
909 3012 961 3086 qai
982 3011 1059 3086 qood
1085 3009 1214 3088 statuit,
1250 3011 1288 3073 ut

132 3103 203 3178 qais
225 3105 259 3164 ct
280 3104 353 3176 quid
373 3104 560 3184 pronomine
581 3110 709 3186 utatur,
732 3108 786 3187 qui
808 3105 885 3172 nihil
911 3107 1018 3189 cupiat
1040 3107 1123 3172 scire
1144 3105 1285 3185 nihilque

133 3195 295 3280 significet
316 3206 445 3279 praeter
467 3221 600 3284 nomen,
635 3222 697 3285 quo
725 3205 864 3286 aliquam
890 3223 1060 3286 personam
1084 3203 1125 3270 ab
1147 3203 1217 3270 aliis
1240 3203 1287 3268 di·

132 3313 290 3378 gnoscere
312 3299 428 3380 possit,
451 3305 503 3376 qut
525 3308 558 3366 et
579 3307 660 3378 qood
682 3303 832 3369 adhibeat
854 3304 896 3384 ia,
918 3301 973 3382 qui
995 3319 1186 3384 cognoscere
1207 3300 1287 3370 velit
1320 3315 1323 3324 ’

130 3395 250 3476 quique
279 3395 398 3476 cogitet
425 3415 487 3477 quo
517 3401 645 3482 ingenio
673 3401 851 3482 quibusque
880 3401 1022 3467 moribus
1049 3417 1152 3482 quave
1181 3397 1288 3466 condi·

131 3493 233 3571 tione,
257 3494 382 3557 omnino
399 3495 501 3574 qualis
516 3497 632 3578 aliquis
648 3497 699 3580 sit,
716 3499 854 3564 nondum
870 3499 955 3564 valet
969 3500 1053 3580 apud
1072 3501 1193 3582 priscos
1209 3499 1288 3565 scri·

133 3596 257 3670 ptores,
281 3591 335 3671 qui
357 3590 417 3657 hac
438 3609 565 3674 quoque
586 3596 619 3660 in
640 3615 676 3662 re
698 3599 876 3679 promiscue
898 3597 1043 3678 utrisque
1063 3596 1172 3662 formis
1193 3601 1287 3661 utun·

131 3693 199 3754 tur.
244 3689 377 3756 Accedit
398 3698 477 3765 ater,
499 3692 584 3773 quod
606 3699 792 3777 usurpatur,
825 3695 880 3762 ubi
902 3696 942 3762 de
965 3696 1089 3763 (luobus
1110 3698 1287 3779 quaeritur,

136 3785 249 3852 deinde
270 3789 441 3870 singularis
466 3789 705 3874 significationis
724 3797 831 3872 omre,
854 3801 990 3872 quantus,
1011 3799 1124 3872 quque,
1146 3797 1285 3872 quomam.

140 3881 189 3946 Ab
211 3882 261 3950 his
283 3887 522 3966 pronominibus
544 3890 752 3957 discernenda
774 3896 849 3958 sunt
869 3898 964 3970 ecqua
984 3898 1017 3958 et
1036 3898 1182 3970 πωπω,
1203 3911 1286 3975 quae

141 3977 187 4042 itu
209 3979 358 4050 differunt
379 3987 420 4052 ab
442 3986 517 4069 illia,
538 3993 575 4053 ut
596 3989 653 4055 illa
673 3993 833 4072 ponantur
852 3991 908 4056 nbi
926 3995 1052 4058 constet
1070 3990 1191 4072 aliquid
1213 4009 1285 4057 esse

136 4076 187 4141 vel
209 4075 328 4145 iactum
350 4102 421 4150 esse
444 4091 477 4150 et
498 4089 622 4152 tantum
649 4088 690 4154 dc
711 4105 848 4170 persona
872 4089 924 4154 vel
944 4105 995 4171 ro,
1028 4089 1070 4154 ad
1098 4107 1193 4170 quam
1219 4094 1283 4156 sta·

138 4177 191 4238 tus
205 4175 355 4287 relectio
369 4184 538 4262 pertineat,
565 4185 740 4266 quaeritur,
762 4186 840 4252 hooc
863 4193 968 4253 antem
985 4191 1105 4254 statum
1123 4188 1174 4253 vel
1187 4187 1287 4253 actio·

139 4289 208 4336 nem
230 4291 351 4359 ipsam,
375 4283 481 4346 utrum
504 4285 592 4346 extet
612 4282 664 4348 vel
686 4282 829 4349 extiterit
853 4303 894 4352 an
913 4302 990 4365 non,
1023 4285 1055 4350 in
1077 4285 1206 4352 dubium
1232 4300 1289 4350 uo·
