3058 4766
474 267 563 308 CASUS
577 265 843 309 SUBHANTIVORUH.
865 291 890 302 -
910 270 1012 313 tener.
1261 282 1319 340 141

171 445 286 502 ceuwst
306 457 389 515 opes.
435 439 494 518 III,
519 446 548 522 3,
572 445 629 506 24:
661 461 716 519 epo
738 443 818 505 lutus
841 447 919 518 cuod
938 447 1046 519 factost
1065 462 1153 521 opos,
1174 447 1250 509 Volo
1273 467 1322 510 ec-

170 557 285 600 curere.
331 533 421 617 capt.
445 539 487 618 II,
513 544 540 619 1,
561 545 618 606 33:
646 549 744 602 temen
766 543 829 603 viso
853 547 946 617 opert,
969 549 1055 606 cauto
1077 550 1169 619 opust.
1208 543 1322 626 Amph.

168 635 193 713 l,
217 641 246 715 3,
271 641 300 700 7.
323 634 411 700 Pers.
435 636 490 716 IV,
513 645 543 714 4,
567 643 607 704 35
630 655 693 718 sq.:
717 645 859 714 opusnest
879 643 936 702 hoc
956 643 1013 703 tibi
1036 643 1157 716 ceptor
1200 639 1267 707 ΒΟ.
1291 643 1323 705 Si

169 735 223 797 tihi
245 737 412 798 vecnissest
438 755 524 811 opus,
552 739 628 797 Mihi
651 755 766 813 quoque
790 743 914 813 emptast
935 737 1001 810 (int.
1025 741 1120 814 opus).
1165 738 1256 805 Troe.
1280 739 1321 819 ΙΙ,

169 834 197 910 6,
217 836 274 896 42:
299 835 396 896 Multo
412 842 531 896 ecastor
545 838 638 912 magis
654 838 775 910 oppletis
789 837 883 897 tritici
898 842 985 911 opust
1003 839 1169 912 patonis.
1206 837 1321 904 Bacch.

168 928 222 1008 IV,
245 934 275 1009 4,
301 933 354 994 56:
389 933 461 992 Tum
485 932 570 996 nohis
593 938 732 1009 operest
756 938 882 1008 sumptu.
925 933 1021 998 Merc.
1045 933 1086 1005 ΙΙ,
1116 940 1144 1013 3,
1176 939 1250 1001 133:
1285 955 1321 999 ue

169 1031 217 1090 hic
239 1031 393 1103 resciscat,
416 1035 501 1092 coeto
523 1037 615 1106 opust.
649 1028 746 1094 Merc.
770 1029 829 1110 III,
853 1036 881 1108 3,
903 1036 938 1095 4:
960 1034 1038 1108 quod
1060 1017 1146 1108 opust
1165 1034 1255 1107 secto,
1276 1035 1321 1098 fa·

172 1130 232 1188 cito
256 1134 288 1188 ut
310 1130 433 1204 cogites.
476 1146 505 1192 v.
523 1133 557 1192 5:
579 1131 715 1205 equidem
738 1130 840 1191 hercle
864 1149 936 1205 opus
957 1133 1013 1192 hoc
1036 1133 1115 1204 sueto
1140 1139 1320 1208 exuestnmo,

171 1225 225 1288 ubi
248 1223 375 1288 dubium
398 1241 469 1289 esse
492 1227 609 1306 possit,
639 1230 746 1290 utrum
769 1230 824 1289 noe
847 1227 889 1291 sit
911 1245 975 1292 acc.
1002 1245 1042 1292 an
1065 1225 1144 1306 ahl,
1167 1229 1223 1294 sed
1247 1229 1320 1294 reli-

172 1322 242 1402 quis
265 1323 457 1402 comparetis
480 1322 557 1389 locis
578 1328 656 1404 puto
680 1341 751 1389 esse
774 1325 834 1390 abl.
880 1324 1156 1405 Pocn.l,2,10tl:
1180 1331 1237 1404 Ah,
1261 1348 1319 1390 non

169 1422 277 1494 saetosi
297 1439 376 1495 opus.
422 1420 540 1486 Bacch.
563 1421 622 1501 ΙΙΙ,
653 1427 681 1501 2,
713 1427 766 1487 14;
795 1426 955 1499 obvigiluto
982 1432 1078 1500 opust.
1123 1423 1237 1488 Bacch.
1265 1424 1319 1504 IV,

172 1523 201 1588 2,
226 1523 281 1582 22:
307 1521 448 1580 celeriter
470 1522 577 1594 factost
597 1541 679 1598 optes.
718 1518 794 1585 cist
811 1519 853 1599 II,
873 1527 900 1598 l,
917 1525 971 1585 55:
995 1532 1083 1584 cento
1106 1529 1203 1598 opust.
1226 1521 1318 1602 Epid.

170 1614 367 1695 II,2,105:
398 1637 490 1695 esque
514 1639 586 1694 opos
609 1622 724 1694 factost.
770 1617 867 1682 Stich.
890 1617 915 1696 Ι,
940 1623 969 1698 2,
992 1624 1028 1683 4:
1062 1623 1119 1696 Qui
1141 1624 1236 1682 minus
1259 1640 1319 1682 me·

170 1718 298 1778 ministis
329 1719 406 1792 quod
432 1725 518 1792 opust
547 1720 627 1792 facto
653 1718 754 1780 iacere
785 1721 816 1778 in
839 1719 984 1780 cedibus?
1028 1715 1120 1782 Cure.
1144 1717 1186 1797 II,
1209 1723 1238 1797 3,
1262 1721 1318 1781 23:

171 1815 319 1875 Celeriter
348 1817 420 1875 mihi
451 1819 569 1878 homine
599 1821 766 1878 copveottst
792 1835 873 1892 opus.
917 1814 1002 1880 Trio.
1032 1813 1074 1894 ΙΙ,
1105 1822 1135 1891 t,
1165 1819 1238 1880 183:
1272 1819 1318 1878 De

170 1915 239 1973 dote
264 1919 296 1972 ut
318 1914 417 1974 videet
439 1917 509 1990 quid
532 1915 610 1988 sueto
633 1933 705 1990 opus
726 1917 772 1976 sit.
817 1913 902 1978 Trio.
926 1912 984 1990 ΙΙΙ,
1007 1919 1036 1994 3,
1057 1917 1112 1978 ts:
1147 1933 1234 1991 quom
1260 1916 1319 1974 iarn

164 2017 356 2086 properatost
376 2032 461 2088 opos,
490 2010 531 2076 cd
554 2029 583 2092 q.
608 2009 626 2074 l.
649 2011 721 2075 vide
743 2010 885 2076 Lindum.
931 2009 1022 2077 Cure.
1046 2011 1087 2093 II,
1111 2017 1139 2093 3,
1163 2017 1218 2078 43:
1253 2032 1321 2076 nem

169 2112 231 2171 tllt's
252 2113 399 2172 conseptis
428 2129 499 2172 senc
522 2129 594 2186 opus
616 2117 659 2172 est
678 2114 751 2172 meis
767 2113 914 2172 dentibus.
939 2107 1030 2174 Coro.
1043 2109 1080 2189 V,
1099 2116 1126 2190 l,
1140 2114 1173 2175 6:
1198 2115 1267 2190 quie
1281 2114 1321 2172 mi

170 2209 330 2283 puacsttost
343 2227 423 2284 opus.
447 2206 541 2272 Most.
558 2228 586 2272 v.
604 2213 680 2273 902:
698 2228 733 2271 co
748 2211 841 2285 magis
857 2213 941 2271 cuuto
959 2215 1052 2284 opust.
1074 2207 1158 2272 Men.
1171 2207 1209 2289 V,
1224 2215 1252 2290 5,
1266 2214 1320 2274 52:

173 2309 214 2368 Ut
234 2314 387 2382 parentur,
411 2309 516 2381 pultes
531 2311 653 2382 puratis
675 2326 747 2382 opus
768 2312 818 2368 est.
864 2305 959 2370 Mero.
972 2304 1015 2385 ΙΙ,
1039 2311 1069 2386 2,
1093 2310 1147 2370 58:
1173 2309 1228 2369 hoc
1250 2309 1323 2368 mlhl

171 2406 260 2466 etsost
281 2423 360 2480 opos.
406 2421 435 2468 v.
465 2409 519 2468 61:
554 2413 748 2482 praecautost
772 2424 855 2481 opus.
900 2403 1027 2468 Terent.
1051 2403 1184 2484 Adelph.
1207 2403 1263 2483 IV,
1293 2410 1322 2484 3,

174 2505 225 2565 10:
249 2505 281 2564 Si
296 2506 339 2564 ito
354 2520 478 2579 aequom
494 2521 598 2564 censes
620 2511 671 2564 eut
686 2505 710 2564 si
726 2505 769 2564 ita
783 2521 857 2578 optes
871 2508 913 2564 est
926 2504 1014 2576 fecto.
1058 2501 1096 2581 V,
1120 2507 1150 2582 9,
1175 2507 1230 2570 39:
1254 2505 1324 2565 Plus

171 2604 230 2662 scis
254 2603 323 2677 qnid
349 2602 428 2674 facto
456 2620 528 2676 opus
555 2607 603 2662 est.
648 2599 707 2677 ΙΙΙ,
732 2603 761 2678 2,
784 2605 840 2663 44;
878 2603 1067 2679 Quapropter
1093 2621 1208 2679 quoquc
1235 2608 1324 2678 poeto

173 2701 289 2760 taettost
309 2717 388 2773 optes.
434 2697 511 2762 Hec.
534 2697 560 2778 Ι,
583 2703 612 2776 2,
636 2702 693 2762 29:
721 2699 787 2759 Nou
811 2704 854 2759 est
874 2717 946 2772 opus
962 2701 1089 2774 prototo.
1134 2697 1193 2778 111,
1215 2703 1245 2776 4,
1270 2701 1324 2762 17:

172 2798 206 2857 In
234 2815 332 2857 urcem
362 2803 529 2859 transceerso
556 2814 628 2872 opus
656 2801 705 2858 est.
751 2794 849 2860 Andr.
878 2793 936 2872 ΙΙΙ,
967 2799 996 2874 2,
1019 2799 1078 2859 43:
1114 2798 1192 2873 quod
1213 2801 1325 2871 parato

175 2913 249 2968 opus
270 2901 313 2956 est
332 2913 414 2970 paru.
461 2894 558 2958 Andr.
582 2893 607 2970 I,
634 2899 661 2974 l,
685 2899 718 2959 5:
752 2897 803 2956 Nil
834 2897 908 2956 istoc
929 2913 1003 2970 opos
1025 2899 1068 2956 est
1088 2899 1154 2955 orte
1182 2896 1220 2956 ed
1248 2898 1325 2956 hanc

176 3011 248 3066 rem,
272 3011 357 3068 quarn
379 3012 462 3069 pero.
498 2992 594 3056 Andr.
611 2991 636 3069 Ι,
662 2997 689 3072 l,
714 2996 769 3056 72:
801 2995 878 3068 Quid
899 2995 996 3054 perbis
1018 3011 1090 3066 optes
1112 2993 1172 3053 cst?
1201 3009 1230 3056 v.
1249 2995 1322 3057 138:

180 3091 231 3149 sed
254 3093 322 3166 quid
345 3099 432 3166 opust
452 3094 569 3154 cetis?
597 3089 678 3154 Eun.
694 3090 749 3167 lV,
767 3094 796 3169 2,
811 3096 848 3154 4:
872 3092 949 3166 Quid
970 3097 1057 3167 opust
1077 3091 1195 3152 ophis?
1225 3089 1323 3154 Andr.

174 3185 232 3267 111,
257 3193 285 3266 2,
313 3193 363 3252 1οε
387 3191 456 3265 quid
479 3191 558 3263 facto
579 3197 653 3252 essct
673 3209 755 3265 opus.
780 3188 876 3252 Andr.
893 3187 947 3266 IV,
964 3191 993 3266 2,
1010 3191 1064 3252 32:
1087 3191 1131 3250 ite
1153 3190 1231 3262 facto
1253 3205 1325 3262 opus

178 3291 227 3348 ost.
264 3285 381 3351 Heaut.
396 3287 423 3366 I,
441 3293 468 3366 l,
486 3291 543 3351 28:
565 3291 620 3349 tibi
642 3296 674 3350 ut
697 3307 769 3362 optes
790 3289 905 3362 factost,
928 3288 1003 3348 fece.
1041 3303 1069 3349 v.
1089 3289 1164 3351 119:
1189 3289 1228 3346 nil
1252 3303 1325 3359 opus

180 3384 241 3456 fuit
260 3387 411 3446 mouture.
456 3383 580 3450 Phorm.
594 3385 631 3465 V,
660 3392 685 3464 l,
709 3389 763 3450 35:
788 3389 873 3448 Nunc
896 3387 965 3462 quid
986 3403 1061 3460 opes
1086 3383 1165 3456 sueto
1186 3385 1227 3446 sit
1247 3385 1324 3446 uide.

177 3484 461 3560 9,14:nonopus
483 3491 527 3546 est
546 3485 632 3547 cltcto.
667 3483 723 3548 ib.:
748 3491 780 3545 et
799 3486 869 3546 scito
894 3485 962 3543 huic
985 3486 1076 3558 oprtet.
1121 3480 1253 3561 Adelph.
1270 3479 1324 3560 IV,

179 3583 207 3655 7,
230 3583 287 3643 22:
311 3583 336 3642 ei
359 3585 443 3657 illud,
467 3585 544 3660 qnod
567 3601 701 3644 maxume
724 3600 796 3657 opere
817 3586 860 3643 est
878 3582 969 3651 iectu,
992 3599 1051 3642 uon
1074 3581 1162 3642 cedit.
1208 3579 1323 3644 Heaut.

177 3675 213 3756 V,
239 3681 267 3755 1,
291 3681 344 3741 68:
380 3681 438 3741 Sed
460 3683 504 3742 ite
525 3681 605 3743 dictu
627 3699 700 3755 opus
721 3686 776 3748 est,
803 3681 829 3740 si
851 3697 896 3739 me
919 3681 963 3740 vis
986 3683 1097 3740 salvom
1120 3695 1186 3741 esse
1209 3684 1241 3739 et
1261 3697 1324 3739 rem

180 3782 212 3836 ct
233 3775 335 3837 filiun.
374 3775 543 3841 Nonnullis
565 3776 642 3842 locis
665 3776 794 3842 dubium
818 3793 888 3840 esse
910 3778 1028 3856 potest,
1051 3780 1159 3839 utrum
1182 3774 1324 3838 nominc·

178 3871 237 3936 tivi
259 3891 300 3937 en
323 3873 454 3939 ablativi
474 3875 571 3954 positi
594 3876 671 3954 sint,
704 3891 784 3955 quos
811 3874 871 3938 iam
901 3889 997 3954 supro
1023 3871 1133 3953 attuli,
1165 3887 1262 3952 quum
1284 3869 1324 3935 de

177 3971 371 4036 nominativo
395 3972 537 4053 agebam.

265 4073 314 4133 35.
347 4071 506 4134 Abtutious
529 4088 643 4132 cumae.
680 4068 783 4149 Leges
804 4065 868 4132 XII
890 4069 984 4148 tabb,
1019 4067 1106 4146 VIII,
1143 4065 1180 4130 ir.
1207 4070 1260 4129 16:
1299 4068 1324 4128 si

176 4168 282 4227 odoret
304 4169 395 4240 ferto,
419 4167 530 4233 Naevii
551 4167 589 4231 fr.
602 4167 737 4248 Lycurg.
761 4169 820 4230 22:
844 4170 903 4228 ium
926 4171 996 4230 eolis
1019 4171 1102 4228 ueste
1126 4165 1236 4226 candor
1259 4182 1324 4224 cum

176 4267 366 4343 liquesceret,
390 4265 480 4344 adq.
505 4265 525 4329 l.
549 4264 688 4329 Klussm.
711 4283 741 4345 p.
769 4267 844 4326 110:
870 4269 985 4343 „Acstu
1007 4262 1155 4343 negativo
1178 4259 1228 4323 vel
1251 4275 1323 4323 onu-
