3064 4754
226 195 288 258 ¹⁰8
658 185 813 228 summ.
835 185 900 228 MP·
913 185 955 228 111.

224 365 345 440 nim,
378 363 414 422 at
439 377 500 435 aua
527 363 616 424 illaec
646 379 739 440 capra
760 363 869 426 Urcrb
899 363 1000 424 dotem
1029 363 1135 424 umiae
1155 360 1379 428 macomus

222 453 317 540 Epic.
333 457 371 537 V,
395 461 424 537 2,
446 462 502 524 ba:
524 465 559 520 ut
579 461 757 536 acerbumst,
780 479 836 537 pro
858 460 1024 522 benefactis
1050 477 1137 534 quom
1159 459 1231 518 mali
1251 461 1375 521 messim
1498 456 1501 549 l

224 563 328 618 matta
372 554 487 620 Bacch.
511 555 548 634 V,
572 559 602 636 2,
625 559 682 622 63;
710 559 752 619 nil
774 560 909 634 paenitet
929 563 965 618 ut
985 559 1039 618 sim
1062 563 1212 630 acceptus.
1257 553 1375 634 Amph.

221 650 303 734 prul.
325 670 354 716 v.
373 656 449 720 104:
471 656 546 716 Nam
569 672 624 732 ego
645 674 698 718 uos
721 658 838 716 novusc
861 657 951 718 credo
973 657 1031 716 iam
1053 658 1089 714 ut
1109 655 1147 714 sit
1169 671 1251 714 meus
1272 655 1373 729 pater,

222 748 253 814 b.
275 765 303 814 c.
326 753 433 828 qualis,
453 749 492 816 ci.
508 751 639 816 Taubm.
661 750 774 832 Amph.
791 751 833 831 II,
858 757 887 833 2,
911 754 986 815 203:
1009 748 1108 830 (iuro)
1131 783 1173 794 -
1197 753 1238 814 Ut
1257 754 1299 812 mi
1319 769 1376 812 ex-

223 857 272 912 uu
289 865 378 911 uum
402 859 431 912 te
454 853 589 913 mortalis
612 869 698 912 nemo
721 869 830 927 corpus
852 867 977 927 corpore
1001 851 1141 925 Contigit,
1164 847 1202 912 ci.
1217 847 1374 927 liudem,

223 945 280 1026 qui
294 947 388 1011 ducet
401 945 461 1010 boc
477 964 539 1012 nou
554 964 614 1030 pro
629 945 763 1028 simplici
778 965 842 1013 acc.
859 967 884 1014 c.
900 944 955 1011 inf.
971 945 1109 1028 positum
1131 962 1210 1009 esse.
1255 945 1374 1026 Amph.

222 1041 265 1123 ΙΙ,
290 1050 318 1124 1,
341 1047 397 1109 24:
419 1051 455 1108 ut
477 1049 603 1124 opinior.
647 1043 729 1108 Men.
751 1045 832 1125 prol.
856 1064 884 1109 v.
909 1049 964 1112 30:
992 1048 1138 1106 Mortales
1160 1047 1255 1119 multi,
1277 1049 1312 1104 ut
1332 1049 1373 1106 ad
1500 1122 1501 1137 χ

222 1146 318 1218 ludos,
343 1152 551 1206 couvenerant.
574 1142 717 1223 Ι,2,10;
741 1163 819 1206 nnuc
836 1147 919 1220 adeo,
942 1150 977 1206 ut
990 1145 1131 1216 facturus,
1156 1143 1262 1206 dicum.
1284 1139 1372 1206 Men.

221 1257 252 1303 v.
276 1244 349 1304 160:
371 1247 405 1304 ut
427 1259 481 1318 ego
504 1259 607 1318 opnor.
652 1239 737 1305 Men.
761 1259 790 1305 v.
809 1245 882 1306 169:
905 1248 940 1303 ut
960 1243 1052 1317 lepide
1072 1239 1198 1300 fastidis.
1242 1236 1372 1318 1‚3‚7:
1500 1248 1501 1269 ¹

224 1339 265 1401 Ut
285 1357 340 1416 ego
362 1357 496 1415 uxorem,
519 1357 585 1404 mea
606 1342 757 1416 voluptas,
780 1342 830 1402 ubi
853 1347 883 1400 to
906 1343 1033 1417 aspicio,
1061 1339 1111 1398 odi
1131 1337 1218 1396 mab.
1263 1353 1291 1400 r.
1316 1340 1374 1400 23:
1500 1380 1501 1401 .

219 1441 352 1500 stratio
374 1439 517 1500 redditur.
563 1435 647 1502 Meu.
669 1454 698 1501 v.
722 1442 798 1502 359:
831 1443 866 1498 ut
886 1449 990 1500 meret.
1033 1453 1062 1499 v.
1087 1437 1162 1498 365:
1197 1436 1238 1496 Ut
1257 1437 1375 1496 iussisti
1500 1514 1501 1519 ἵ

222 1543 311 1610 atque
332 1541 367 1597 ut
386 1538 516 1602 voluisti.
551 1554 579 1600 v.
604 1539 674 1600 367.
697 1554 725 1598 v.
748 1541 826 1600 433:
849 1538 917 1598 Scio
939 1539 974 1598 ui
994 1553 1040 1596 me
1064 1535 1155 1596 dices.
1184 1530 1245 1610 ΙΙΙ,
1259 1537 1298 1608 ’2,
1322 1535 1373 1594 26.

219 1627 304 1695 Men.
327 1649 356 1696 v.
380 1637 456 1698 519:
486 1639 522 1694 ut
542 1637 581 1696 sit
603 1642 695 1710 gesta.
740 1651 769 1696 v.
792 1636 849 1696 571
872 1649 932 1712 sq:
962 1634 1003 1694 Ut
1025 1634 1081 1694 hoc
1103 1633 1214 1692 utimur
1234 1649 1375 1692 maxume
1500 1648 1501 1655 ¹

220 1743 303 1792 more
326 1747 409 1794 moro
430 1763 475 1774 ··-
496 1735 594 1808 Atque
616 1733 677 1799 uu,
710 1733 818 1806 quique
847 1740 916 1792 sunt
943 1732 1055 1807 optumi
1083 1732 1224 1804 maxumi,
1259 1746 1372 1789 morem
1500 1780 1501 1789 ,

224 1829 336 1889 babent
358 1830 463 1890 hunce.
495 1825 550 1907 IV,
574 1831 603 1907 2,
626 1831 677 1893 98.
701 1831 729 1906 3,
752 1832 785 1890 5:
808 1832 843 1889 ut
863 1829 1011 1890 factumst.
1053 1825 1091 1905 V,
1115 1831 1144 1906 2,
1170 1831 1200 1890 1:
1224 1827 1265 1888 Ut
1288 1834 1371 1886 aetas

220 1941 318 1988 meust
339 1934 427 2002 atque
450 1933 485 1988 ut
505 1928 562 1987 boc
584 1945 654 1988 usus
676 1925 795 1988 factost.
828 1944 857 1990 v.
874 1931 902 1990 6.
928 1943 955 1989 v.
974 1930 1012 1989 57
1022 1944 1030 1988 :
1052 1931 1087 1986 ut
1108 1925 1256 1986 factumst.
1285 1922 1370 1986 Meu.

221 2041 251 2088 u.
268 2026 346 2086 828:
368 2029 404 2084 ut
423 2025 526 2086 viridis
549 2025 683 2085 exoritur
706 2027 787 2086 colos
806 2027 854 2086 Ex
876 2026 1069 2100 temporibus.
1092 2039 1121 2085 v.
1138 2025 1215 2086 829:
1237 2027 1272 2084 ut
1293 2025 1371 2083 oculi

222 2123 396 2183 scintillant.
440 2118 535 2184 Most.
555 2118 582 2199 Ι,
605 2126 634 2199 3,
661 2126 730 2184 lll.
752 2119 807 2200 IV,
828 2126 856 2199 3,
879 2128 934 2185 40:
957 2127 993 2182 ut
1012 2139 1102 2182 narro
1125 2122 1188 2180 tibi.
1235 2117 1326 2197 Capi.
1345 2117 1370 2196 Ι,

221 2221 251 2298 2,
276 2221 331 2282 62:
367 2221 410 2282 Ut
430 2235 520 2297 saepe
543 2237 656 2282 mmma
678 2220 796 2296 ingenia
817 2221 847 2280 in
869 2223 986 2281 occulto
1008 2223 1112 2280 latent.
1157 2216 1250 2281 Truc.
1273 2217 1316 2297 ΙΙ,
1339 2224 1368 2296 4,

222 2315 539 2382 auctoramus!
568 2323 604 2380 ut
622 2320 697 2379 oleti
725 2323 760 2380 ut
784 2317 878 2378 udde
899 2321 983 2378 nitet.
1027 2314 1093 2380 Mil.
1117 2313 1159 2394 11,
1182 2321 1212 2393 4,
1240 2319 1294 2378 48:
1331 2318 1371 2378 Ut

221 2417 311 2476 adid
334 2420 499 2491 exemplum
522 2419 664 2478 somnium
687 2416 840 2478 consimile
863 2418 1027 2490 somniavit,
1050 2420 1149 2491 Atque
1168 2419 1203 2474 ut
1221 2422 1254 2476 tu
1274 2415 1368 2488 suspi-

222 2521 307 2574 eacus
330 2531 362 2574 es
384 2521 415 2574 tc
435 2532 498 2574 eam
522 2516 632 2575 vidisse
656 2517 874 2587 ausculautem,
902 2510 943 2576 ad
966 2531 994 2592 q.
1018 2512 1038 2577 l.
1061 2511 1218 2576 Lindem:
1243 2509 1368 2590 „Verba

222 2615 310 2684 atque
331 2615 366 2672 ut
386 2615 419 2673 tu
439 2609 606 2686 auspicatus
627 2629 657 2672 es
678 2610 819 2691 pendent
840 2609 880 2674 ab
903 2609 978 2674 illis:
1002 2613 1044 2671 ud
1063 2612 1097 2670 id
1117 2611 1289 2684 cuempiam.
1317 2608 1366 2670 Ad

219 2721 292 2772 eum
314 2707 458 2788 modum,
492 2715 661 2789 quotus.
686 2726 714 2772 e.
747 2707 896 2772 Ceterum
919 2715 1006 2784 utque
1034 2715 1069 2770 ut
1088 2707 1303 2782 abundanter;
1335 2710 1369 2766 ut

220 2808 350 2885 poterat
372 2806 484 2886 omitti,
507 2806 593 2885 quod
614 2805 777 2870 rarissime
799 2805 999 2885 apponitur.“
1038 2806 1123 2870 Triu.
1140 2823 1167 2867 v.
1186 2809 1241 2868 51:
1263 2807 1297 2865 ut
1317 2823 1364 2864 va-

220 2905 285 2964 let?
328 2919 357 2965 v.
374 2907 428 2968 oe:
451 2907 571 2966 Habeas
591 2911 628 2966 ut
646 2901 791 2966 nanctu's.
829 2902 942 2970 Pseud.
960 2903 986 2984 Ι,
1010 2908 1039 2983 2,
1063 2908 1117 2967 65;
1138 2909 1173 2964 ut
1192 2915 1364 2963 memorant.

222 2998 337 3065 Poeno.
358 3018 387 3064 v.
410 3005 486 3065 24οε
508 3005 664 3063 ut—ita.
697 3000 737 3064 II.
765 3006 793 3081 1,
819 3007 849 3065 l:
871 3009 906 3064 ut
925 3004 1161 3078 mibi-lepide
1183 3004 1281 3062 omnia
1298 3017 1367 3074 pro-

217 3114 356 3176 speroque
373 3103 519 3162 eveniunt.
550 3098 593 3179 ΙΙ,
609 3103 638 3178 2,
655 3104 673 3163 2
690 3108 724 3164 et
745 3097 787 3177 II,
805 3104 833 3180 2,
851 3103 890 3164 66
914 3105 946 3165 et
966 3120 994 3164 v.
1012 3106 1072 3166 707
1096 3109 1129 3166 et
1151 3101 1193 3181 ΙΙ,
1217 3109 1247 3181 4,
1271 3107 1310 3168 59
1333 3104 1366 3164 et

217 3191 278 3273 ΙΙΙ,
304 3200 333 3274 2,
356 3201 375 3262 9
399 3201 431 3262 et
452 3196 511 3278 III,
536 3203 564 3277 2,
589 3203 629 3263 93
651 3203 693 3260 ui.
738 3197 793 3277 IV,
823 3201 850 3278 1,
879 3203 913 3262 5:
946 3206 981 3262 ut
1008 3200 1089 3278 [ego]
1120 3205 1234 3278 opinor.
1278 3220 1305 3265 v.
1331 3205 1363 3264 7:

218 3301 252 3355 ut
273 3295 438 3370 magnifiee.
482 3293 598 3361 Pseud.
620 3315 649 3361 v.
674 3300 750 3362 946:
786 3300 827 3360 Ut
848 3316 903 3374 ego
932 3300 1019 3361 bodie
1042 3307 1072 3361 to
1095 3304 1241 3376 accipiam
1263 3301 1361 3374 lepide

216 3387 273 3470 lv,
296 3396 325 3470 2,
349 3395 406 3458 23:
435 3395 476 3455 Ut
493 3392 639 3458 uestitu’s.
682 3414 711 3460 r.
736 3399 790 3459 50:
818 3401 854 3458 ut
874 3400 1027 3473 occepisti.
1070 3396 1126 3477 lv,
1148 3404 1179 3477 A,
1206 3404 1235 3460 l:
1267 3401 1363 3460 nescis

214 3495 251 3550 ut
271 3492 311 3552 sit
332 3509 392 3564 res,
412 3491 614 3554 Phoenicium.
648 3491 702 3572 IV,
719 3499 748 3573 6,
767 3497 821 3558 10:
842 3500 877 3554 ut
895 3499 1056 3571 promissit.
1086 3495 1202 3562 Pseud.
1224 3515 1252 3559 v.
1269 3501 1363 3558 1114:

214 3591 251 3678 tsi
275 3591 316 3648 mi
347 3591 553 3664 inparatumst.
597 3589 682 3655 Mon.
704 3591 743 3672 V,
774 3595 803 3671 2,
827 3596 884 3656 78;
919 3595 960 3656 Ut
983 3595 1178 3670 pandiculans
1209 3597 1362 3656 oscitctur.

215 3690 244 3750 i.
264 3686 333 3749 108.
356 3684 395 3764 V,
419 3689 448 3763 5,
472 3690 500 3749 8.
523 3703 551 3749 u.
569 3691 625 3752 21:
647 3692 744 3752 Audin
761 3697 802 3765 tu,
825 3695 860 3752 ut
874 3690 1070 3752 deliramenta
1083 3692 1234 3768 loquitur?
1263 3707 1290 3756 v.
1307 3693 1362 3756 to:

211 3785 288 3860 Age,
311 3789 346 3844 ut
366 3785 459 3846 labet.
502 3783 587 3848 Men.
609 3802 639 3849 u.
663 3791 733 3852 981.
757 3806 785 3852 v.
810 3789 888 3853 982:
914 3791 975 3864 alii,
997 3793 1032 3850 ut
1053 3807 1119 3850 esse
1142 3792 1172 3850 iu
1195 3809 1278 3854 suam
1297 3809 1362 3854 reru

213 3883 340 3952 mount,
371 3884 415 3943 itu
439 3885 507 3946 sint.
552 3900 580 3947 r.
605 3887 682 3948 986:
715 3891 751 3947 ut
775 3887 912 3948 iusserat.
956 3884 993 3964 V,
1017 3890 1046 3965 9,
1071 3890 1125 3950 22:
1156 3893 1192 3948 ut
1216 3893 1361 3966 auspicor.

210 3992 242 4042 'a
266 3981 321 4042 db:
342 3985 378 4042 ut
397 3984 476 4044 iusti.
520 3998 549 4045 u.
573 3985 629 4046 90:
652 3982 760 4044 faciam
781 3989 816 4044 ut
837 3991 869 4046 tu
891 3987 983 4046 valea
1027 3983 1122 4050 Moab.
1145 4003 1175 4049 v.
1200 3990 1275 4050 149:
1303 3987 1361 4050 Oen

214 4077 305 4153 dolet,
328 4099 415 4156 quom
437 4082 500 4144 scio
521 4083 556 4140 ut
576 4098 654 4142 nunc
676 4099 739 4142 sum
762 4089 850 4158 atque
872 4086 908 4142 ut
927 4083 979 4144 lui.
1012 4080 1038 4160 I,
1061 4086 1090 4162 3,
1115 4090 1167 4148 lb:
1190 4088 1232 4148 Ut
1252 4086 1359 4162 lepide.

212 4190 243 4238 v.
268 4178 321 4240 16:
344 4181 521 4255 contempla,
544 4183 580 4240 ut
599 4180 674 4242 bace
696 4197 742 4240 me
767 4181 882 4246 uun.
926 4198 954 4246 v.
978 4185 1028 4244 57.
1053 4185 1104 4246 70.
1125 4181 1218 4251 Most
1241 4201 1266 4245 v.
1284 4186 1360 4246 237:
