3070 4758
464 280 553 322 GASUB
567 277 835 324 ΝΒΒῊΠΜΒΠΙ.
847 300 872 314 ·-
886 283 1025 328 ACOUSAT.
1251 289 1313 353 Μ

158 466 244 516 usuc
262 469 321 514 nce
342 447 534 519 munaum.
578 453 618 520 ir:
640 459 669 535 3,
690 459 751 524 cd:
795 459 979 521 citiorem
1007 465 1116 522 socom
1139 459 1194 537 isc.
1218 460 1317 528 clm.)

159 546 200 614 ic.
226 553 274 630 li,
297 553 356 614 47:
378 554 454 614 Nem
477 571 543 615 cum
565 559 662 615 ierrus
683 555 830 617 circuiret.
857 553 897 621 ir.
923 560 971 632 12,
996 559 1052 621 dd:
1072 559 1211 634 iuppiter
1230 564 1317 633 post·

161 663 249 724 quem
265 649 469 726 ‘quienquiens
492 655 588 712 terras
610 652 753 713 circuivit.
776 651 961 733 Iphigeniae
982 653 1019 718 ir.
1041 659 1096 719 14:
1119 654 1315 716 nuceretum

160 763 240 806 nunc
263 747 360 808 obibo.
392 745 487 812 Ennii
509 746 613 812 ennel.
635 746 656 813 l.
678 747 748 828 XV,
771 747 810 813 ir.
834 753 869 814 2:
893 753 1081 814 obcumbunc
1102 755 1198 813 muiti-
1211 755 1313 814 tetum.

42 851 45 858 ·
160 841 255 908 Ennii
277 841 390 924 fragm.
413 848 495 925 trag.
521 848 584 909 358
608 843 783 923 (Telamon.
806 845 843 910 ir.
868 851 900 923 2)
923 861 972 927 ep.
995 846 1072 912 Cic:
1112 851 1170 924 Qui
1192 852 1250 912 sibi
1270 848 1315 911 eess

159 943 263 1002 mitam
285 960 343 1004 nou
367 945 496 1021 sepiunt,
520 945 610 1004 elteri
630 951 799 1006 monstruni
820 947 905 1007 viem
950 943 1045 1008 Ennii
1068 945 1151 1026 epig.
1182 951 1211 1026 3,
1233 959 1263 1010 v.
1283 950 1315 1010 8.

160 1033 189 1102 -V
192 1035 311 1102 chlen.:
356 1042 450 1100 Nemo
474 1048 520 1102 est
551 1042 602 1116 qui
624 1040 713 1104 fectis
735 1059 781 1102 mc
802 1045 996 1117 aequiperare
1017 1051 1116 1120 quest.
1159 1037 1254 1106 Ennii
1275 1041 1315 1104 irz

158 1134 219 1200 inc
241 1134 312 1199 libr.
335 1140 372 1200 4:
397 1138 469 1210 Quis
492 1141 519 1196 tc
539 1139 710 1214 persuasit?
752 1137 848 1203 Ennii
870 1137 1022 1203 Hecubae
1044 1135 1082 1204 fr.
1107 1145 1142 1204 3:
1177 1141 1243 1201 Heu
1264 1154 1315 1201 ne

159 1235 312 1294 miserum!
357 1231 499 1298 Saturus.
537 1233 557 1298 l.
581 1233 643 1314 VI,
672 1253 702 1300 v.
727 1239 785 1300 30:
829 1255 885 1313 pro
907 1237 1005 1300 divum
1033 1236 1136 1310 sumt
1179 1233 1316 1300 Medeae

158 1327 259 1394 exulis
282 1327 320 1394 ir.
344 1335 377 1406 ὃς
402 1333 484 1405 Quae
508 1335 681 1396 corinthum
703 1349 803 1396 nrcern
826 1337 917 1396 sltem
940 1333 1066 1396 hebetis.
1090 1333 1260 1398 Ambracia
1274 1331 1313 1396 ir.

160 1432 194 1493 3:
217 1430 293 1490 Vide
316 1428 424 1490 fortem
446 1431 557 1492 virum!
580 1427 724 1495 Saturer.
746 1428 767 1495 l.
790 1427 850 1508 ΙΙΙ,
872 1429 910 1493 fr.
938 1435 971 1509 7,
990 1447 1027 1493 v.-
1045 1435 1100 1494 17:
1125 1449 1201 1508 quoe
1225 1437 1314 1507 itque

158 1535 191 1588 et
212 1532 266 1588 coc
285 1531 368 1601 qesta
390 1529 542 1602 aquator..
560 1525 654 1591 Ennii
674 1525 714 1590 ir.
737 1527 797 1592 inc.
820 1531 901 1608 trag.
927 1531 980 1591 lc:
1003 1527 1141 1590 festivum
1165 1529 1315 1591 festinent

158 1612 262 1687 euin·
283 1623 378 1688 Ennii
401 1629 498 1688 satur.
522 1623 593 1689 libr.
616 1624 676 1688 inc.
699 1622 738 1691 fr.
757 1630 787 1703 4,
810 1641 839 1689 v.
864 1628 918 1689 38:
942 1627 1021 1699 qaod
1042 1633 1107 1686 tuto
1131 1641 1220 1702 egere
1243 1642 1314 1703 pos-

159 1723 233 1784 sies.·
249 1718 287 1785 fr.
312 1725 347 1785 5:
374 1724 448 1782 Cum
471 1724 568 1798 spolie
591 1725 708 1799 generis
731 1724 923 1785 detraxeritis
946 1723 1065 1800 [inpie]
1088 1726 1181 1798 Quem
1204 1727 1315 1785 inscri-

157 1822 289 1896 ptionem
306 1820 434 1880 dabitis?
456 1817 721 1900 Heduphagetice
742 1837 771 1880 v.
788 1824 807 1882 7
823 1835 885 1898 sq.:
910 1821 987 1896 Quid
1008 1823 1135 1896 turdum,
1158 1824 1314 1897 merulam,

156 1921 341 1978 melanurum
369 1919 560 1993 umbramque
587 1920 731 1978 marinam
758 1917 905 1978 Praeterii
932 1925 1021 1994 atque
1059 1937 1190 1996 socrum,
1228 1935 1311 1980 cers·

156 2018 241 2078 trum
264 2017 342 2077 Iovis
364 2031 460 2091 paene
484 2014 636 2090 supremi?
685 2012 896 2094 Epicharmus
918 2011 956 2077 ir.
981 2019 1009 2094 7,
1032 2033 1060 2078 v.
1085 2019 1139 2079 12:
1164 2019 1313 2091 Quoniam

156 2115 293 2176 mortalis
316 2120 405 2189 etque
428 2115 517 2173 urbes
539 2113 702 2189 beluasque
726 2115 821 2175 omnis
844 2115 934 2172 iuvat.
962 2110 1057 2174 Ennii
1079 2111 1251 2178 Erechthei
1273 2111 1310 2176 ir.

157 2215 193 2274 4:
210 2228 282 2284 quos
297 2227 355 2270 non
371 2211 495 2270 miseret
510 2210 645 2271 neminis.
668 2207 763 2273 Ennii
775 2205 815 2273 ir.
829 2211 910 2288 trag.
928 2207 1101 2273 Alexandri
1116 2225 1167 2289 ap.
1177 2206 1310 2274 Vahlen.

155 2321 186 2387 p.
212 2309 281 2381 100,
321 2323 350 2370 V.
374 2310 412 2370 el
436 2322 499 2385 sq.:
536 2307 673 2382 Virgines
703 2309 837 2382 aequalis
866 2323 981 2375 vereor,
1009 2310 1105 2382 petris
1133 2309 1193 2368 mei
1215 2325 1314 2368 meum

156 2407 267 2466 iccium
287 2406 390 2481 pudet,
414 2407 535 2480 Optumi
556 2407 622 2467 viri.
645 2406 716 2465 Mes
737 2410 841 2474 meter,
862 2405 905 2462 tui
927 2421 972 2462 me
993 2405 1119 2477 miseret,
1143 2407 1203 2464 mei
1218 2407 1313 2480 piget.

156 2500 261 2565 Pleut.
285 2500 372 2565 Asin.
390 2499 415 2579 Ι,
432 2506 459 2580 1,
477 2505 534 2565 98:
558 2500 699 2564 Proiecto
721 2507 837 2560 nemost
860 2511 945 2575 quem
968 2503 1026 2562 ism
1050 2501 1158 2562 dehinc
1180 2507 1310 2562 metuam

156 2600 240 2662 mihi.
277 2597 370 2662 Truc.
393 2596 418 2677 I,
442 2602 472 2674 2,
496 2601 550 2663 98:
573 2599 783 2674 metuebatque
806 2604 846 2658 te.
891 2595 962 2660 Aul.
985 2594 1012 2676 Ι,
1034 2601 1059 2672 1,
1084 2601 1142 2660 22:
1165 2601 1313 2674 nimisque

157 2715 213 2774 ego
238 2700 314 2758 hene
337 2704 436 2759 metuo
458 2698 546 2770 mele,
583 2697 629 2756 Ne
659 2698 699 2756 mi
721 2713 759 2756 cx
779 2695 896 2756 insidiis
920 2697 1011 2755 verbe
1032 2696 1214 2770 imprudenti
1237 2697 1314 2757 duit.

156 2793 249 2874 Epic.
271 2792 326 2872 IV,
354 2797 380 2871 1,
405 2797 447 2862 7:
464 2811 538 2870 quae
561 2794 629 2869 ipsc
651 2811 692 2855 se·
706 2795 875 2854 miseretur.
920 2789 1049 2872 Fragm.
1071 2789 1256 2855 Vidulariae
1279 2808 1313 2874 p.

157 2896 230 2970 484,
253 2909 283 2955 v.
303 2895 357 2955 15:
380 2893 456 2953 Boni
470 2895 510 2956 im
533 2892 728 2967 miserentur:
752 2893 844 2952 illunc
860 2891 989 2950 irrident
1010 2892 1082 2949 mnli
1101 2886 1161 2967 (sic
1184 2889 1315 2954 coniicit

156 2987 285 3068 Lipsius
307 3004 379 3067 pro:
401 2986 491 3050 illum
513 3003 597 3052 nunc
620 2985 673 3051 in:
696 2988 753 3062 m.)
782 2986 869 3050 Pers.
893 2983 948 3061 IV,
973 2990 1001 3061 9,
1026 2991 1044 3049 ὅ
1069 3002 1130 3065 sq.:
1156 2989 1233 3060 Quid
1256 3000 1316 3062 eqo

156 3089 248 3163 igitur
270 3103 356 3148 cesso
379 3086 483 3148 inieiix
507 3085 822 3147 lamentarier³Miros
843 3084 1007 3157 serapiaca.
1052 3081 1107 3162 IV,
1131 3087 1160 3159 9,
1186 3087 1220 3145 7:
1246 3085 1314 3160 ligo

156 3187 209 3261 pol
230 3192 261 3244 te
283 3183 391 3246 faciem
415 3214 454 3228 —-
478 3185 521 3244 Te
541 3202 657 3261 quoque
680 3185 770 3245 etiem
791 3183 888 3255 ipsum
910 3187 944 3240 ut
963 3181 1139 3241 lamenteris.
1182 3177 1249 3244 Mil.
1272 3177 1311 3256 V,

157 3285 215 3345 44:
238 3283 333 3344 minus
356 3283 412 3344 hes
433 3300 483 3343 res
506 3283 656 3357 studeant,
679 3277 720 3344 cd
741 3293 771 3357 q.
794 3274 815 3340 l.
838 3275 995 3340 liudem:
1029 3277 1174 3354 ‚diadem
1196 3279 1317 3352 otiquic

158 3377 297 3444 struitur
317 3381 355 3443 ui
376 3397 464 3455 apere
486 3379 615 3457 olipaid3
638 3391 756 3452 cupere,
784 3375 857 3436 velie
879 3375 1004 3448 alippii.
1038 3371 1204 3440 vocabule
1228 3372 1311 3439 enim

155 3476 190 3542 in
227 3475 362 3542 aliorum
398 3475 545 3542 notiones
581 3473 781 3540 transeuntis
820 3471 935 3536 horum
974 3471 1071 3536 etiem
1115 3475 1312 3536 structurum

158 3573 348 3640 asciscuni.“
392 3573 465 3639 Aul.
488 3572 531 3654 ΙΙ,
553 3578 583 3652 4,
606 3575 666 3637 2οε
691 3573 767 3647 Quin
791 3571 888 3634 divom
911 3577 999 3645 eique
1026 3571 1176 3632 hominum
1194 3573 1318 3632 cismai

159 3675 300 3736 continuo
323 3674 423 3748 fidem,
446 3671 486 3736 de
507 3687 571 3752 qno
592 3669 663 3734 loco
685 3668 829 3733 Perizon.
859 3665 901 3731 cd
923 3665 1030 3731 Senot.
1053 3681 1084 3746 p.
1108 3671 1186 3732 320:
1210 3664 1316 3746 „Ver-

159 3769 237 3835 bum
260 3768 320 3834 hoc
339 3787 411 3834 cum
434 3767 616 3849 compositis
637 3769 753 3832 nature
782 3783 841 3831 sue
862 3767 913 3830 est
934 3767 1094 3828 neutrum.
1138 3762 1242 3843 Saepe
1263 3767 1313 3826 te-

158 3877 233 3932 men
260 3866 403 3932 additum
436 3866 498 3932 sibi
530 3865 627 3930 habet
657 3863 887 3941 accusativum,
925 3877 988 3941 quo
1020 3865 1098 3926 tunc
1129 3859 1317 3925 declaratur

158 3964 265 4044 ipsum
293 3963 440 4031 clamoris
466 3963 560 4028 istius
586 3964 823 4042 argumentum,
861 3964 895 4024 et
927 3956 1117 4038 exprimitur
1152 3974 1204 4022 res
1230 3956 1313 4037 ipse,

159 4075 242 4140 queo
260 4059 430 4128 siemundo
450 4058 596 4127 dicitnr.“
641 4059 740 4122 Poen.
784 4055 840 4136 Ν,
863 4061 892 4133 2,
917 4059 974 4119 78;
1008 4057 1040 4116 di
1061 4061 1189 4117 vostram
1212 4055 1316 4132 fidem,

161 4157 223 4224 ubi·
239 4163 347 4223 mente
371 4159 549 4224 addendum
573 4161 623 4222 ost
643 4158 776 4230 inploro.
800 4151 866 4218 idid.
889 4151 947 4231 ΙΙΙ,
970 4157 1000 4232 2,
1023 4155 1079 4215 48:
1107 4153 1152 4213 Ite
1175 4153 1312 4212 dixeritis

160 4273 286 4334 opsecro
309 4255 378 4318 hnic
392 4265 529 4320 ¹rostrsm
553 4257 650 4331 fidem,
677 4251 718 4317 cd
740 4267 768 4332 q.
790 4250 810 4318 l.
834 4250 959 4315 namn:
984 4248 1121 4329 „Potest
1140 4248 1218 4312 ordo
1240 4263 1316 4311 vcr-
