3070 4758
450 276 537 318 OASUS
552 270 819 316 SUBSTANMWORUU.
833 289 857 304 ··
872 265 1039 314 unumvus.
1266 265 1328 329 ⁸2ss

175 451 314 533 qeniuvo
335 450 368 514 id
391 451 476 530 quod
496 452 530 516 in
552 449 680 516 notione
702 445 801 524 inest,
830 440 1005 510 seeundum
1032 434 1223 518 qualitatem
1254 448 1328 499 oon-

178 549 333 616 stituitur.
376 547 414 614 Id
437 549 521 630 quod
543 553 659 612 natura
681 546 791 611 datum
813 543 847 608 in
867 540 997 606 notione
1018 535 1112 610 inest,
1134 531 1272 613 primum
1294 532 1328 594 et
1410 611 1412 618 Ι

176 647 376 728 potissimum
398 649 533 727 apparet
555 646 588 710 in
604 643 754 725 genitivo,
777 641 832 724 qui
847 637 958 721 propia
978 651 1016 700 ao
1031 628 1185 714 peculiari
1200 625 1325 694 ratione

175 745 300 823 dicitur,
323 747 496 823 qualitatis,
533 744 566 808 in
588 760 651 822 quo
674 741 751 806 itam
774 744 812 804 ut
838 737 871 802 in
894 753 931 801 eo
955 748 1089 815 genere,
1126 725 1211 808 quod
1232 722 1328 806 paulo

174 849 249 908 unte
272 849 549 908 commemoratum
573 849 637 921 est,
665 839 752 904 notio
781 833 938 904 adieetiva
961 837 1011 896 est
1033 826 1185 910 primaria
1214 841 1251 888 ao
1273 840 1329 903 po-

175 942 298 1006 tissima
322 947 355 1005 et
378 959 509 1023 prorsus
532 939 627 1005 simili
649 937 777 1018 quidem
799 934 838 999 de
861 949 958 998 eausa
980 935 1076 1009 atque
1097 928 1200 989 antea.
1225 920 1329 986 Vooes

176 1040 207 1102 in
232 1040 371 1120 genitivo
395 1040 517 1120 positae
541 1034 720 1118 significant
751 1033 803 1098 hio
830 1032 893 1097 vim
914 1025 1035 1109 ingenii
1057 1027 1091 1088 et
1112 1038 1251 1100 morum,
1271 1035 1329 1098 po·

177 1141 337 1216 testatam,
365 1137 588 1202 auctoritatem
615 1137 688 1200 cett.
733 1131 783 1196 Ad
811 1129 946 1194 alterurn
969 1124 1104 1202 danique
1132 1135 1247 1202 genus,
1274 1115 1329 1181 ubi

174 1233 216 1312 iri,
247 1234 330 1312 quod
346 1234 379 1299 in
394 1236 520 1300 notione
542 1233 635 1310 inest,
655 1232 685 1296 ei
700 1229 853 1296 tribuitur
871 1228 1008 1301 demum,
1031 1217 1178 1302 quoniam
1199 1214 1241 1280 ad
1257 1231 1328 1278 eam

177 1351 238 1395 non
268 1335 395 1413 proprie
425 1338 459 1397 et
486 1328 682 1412 aprinoipio
716 1326 870 1408 pertinet,
901 1319 1062 1388 referendi
1089 1323 1163 1384 sunt
1196 1311 1330 1398 genitivi

182 1429 280 1495 iuneti
302 1449 371 1495 oum
396 1430 574 1506 adiectivis,
597 1426 772 1508 participiis
795 1431 891 1505 atque
914 1418 1034 1497 verbis,
1064 1431 1198 1498 quorum
1220 1410 1329 1492 singu·

177 1528 253 1593 laris
276 1526 462 1610 significatio
486 1527 599 1608 poscit,
624 1530 660 1590 ut
680 1525 767 1588 notio
791 1539 849 1586 sua
864 1520 919 1586 tali
937 1516 1029 1582 modo
1052 1513 1225 1580 seeundum
1247 1525 1328 1590 qua·

178 1625 299 1690 litatem
324 1626 546 1691 constituatur.
592 1625 651 1690 His
680 1619 830 1704 genitivis
851 1619 951 1700 igitur
972 1615 1005 1680 id
1031 1611 1219 1694 exprimitur
1241 1606 1328 1685 quod

176 1724 206 1786 iu
231 1723 358 1788 notione
388 1725 511 1788 ratione
540 1723 648 1788 habita
670 1737 809 1797 morum,
836 1715 969 1798 ingenii,
998 1709 1188 1788 voluntatis,
1215 1721 1329 1771 sensus

176 1826 250 1886 cett.
274 1821 372 1899 inest,
404 1826 440 1886 ut
461 1822 499 1886 iis
523 1823 574 1900 qui
599 1821 774 1900 iunguntur
797 1835 869 1882 oum
891 1833 1008 1882 amaus,
1030 1826 1140 1872 memor
1163 1810 1197 1870 et
1216 1821 1328 1874 mouet

176 1921 288 1989 avidus,
310 1924 428 1982 miseret
448 1918 619 1998 multisque
643 1917 722 1982 aliis.
768 1915 875 1980 Etiam
898 1930 951 1978 eas
975 1906 1219 1982 coniunctiones,
1245 1917 1328 1982 quae

177 2014 321 2081 difficiles
348 2023 422 2082 sunt
449 2017 489 2081 ad
518 2015 735 2095 explicandum
766 2029 911 2093 quaeque
940 2006 1082 2089 proxime
1109 2001 1265 2073 accedunt
1284 1996 1327 2062 ad

177 2115 419 2194 appositionenr,
438 2114 525 2179 velut
536 2117 673 2189 oppidum
684 2114 869 2182 Antioohiae,
890 2131 947 2172 ooo
964 2103 1175 2185 voluptatum)
1192 2099 1327 2166 maxime

175 2213 333 2291 probabili
355 2213 478 2277 ratione
501 2212 598 2276 talem
622 2211 795 2291 genitivum
820 2209 897 2288 eius,
921 2205 1006 2288 quod
1027 2206 1060 2270 in
1082 2202 1211 2268 notione
1232 2198 1327 2276 inest,

176 2309 337 2374 continere
364 2311 542 2390 putaveris,
580 2327 675 2390 quum
704 2308 875 2388 singularis
902 2310 1017 2370 natura
1046 2300 1161 2381 prioris
1188 2295 1327 2364 notionis

176 2407 333 2485 generalis
355 2408 387 2471 in
410 2408 521 2486 altera,
545 2425 627 2488 quae
649 2405 789 2488 genitivo
812 2409 862 2468 est
877 2418 1037 2483 expressa,
1062 2398 1215 2466 consistat
1231 2392 1326 2461 etsie

177 2503 264 2566 notio
286 2521 344 2584 per
366 2523 401 2568 se
423 2505 523 2569 inanis
546 2524 603 2585 per
626 2504 760 2568 alteram
783 2499 961 2566 definiatur.

263 2600 310 2664 En
334 2603 468 2666 adverso
492 2604 615 2682 positae
644 2602 744 2685 priori
770 2598 890 2665 formae
920 2599 1129 2679 genitivorum
1153 2592 1248 2671 huius
1269 2607 1325 2673 po-

176 2697 320 2762 sterioris
343 2699 402 2765 hoe
426 2703 587 2781 proprium
611 2707 661 2766 est
689 2704 726 2765 ut
748 2700 775 2764 si
798 2697 891 2764 simili
917 2697 1010 2760 modo
1039 2693 1196 2774 similique
1218 2688 1326 2755 eondi-

177 2798 262 2860 tione
286 2801 382 2878 atque
405 2798 470 2864 illio
493 2799 671 2864 enuntiatio
694 2799 799 2863 activa
820 2794 984 2872 formatur,
1007 2810 1122 2858 nomen
1138 2792 1171 2856 in
1186 2786 1325 2870 genitivo

173 2894 315 2973 positum
327 2896 484 2962 obiectum
500 2894 556 2962 fiat
570 2896 665 2962 huius
689 2893 917 2962 enuntiationis
939 2898 972 2956 et
986 2891 1175 2972 plerumque
1197 2885 1328 2976 quidelm

174 2990 206 3056 in
229 2996 409 3058 accusativo
433 2996 580 3074 positum,
605 2995 689 3075 quod
711 2996 793 3061 bene
817 2993 962 3060 convenit
984 2991 1013 3056 ei
1035 2989 1119 3068 quod
1140 2988 1173 3052 in
1197 2984 1327 3072 notioni}

172 3088 277 3154 inesse
300 3090 521 3172 significamus.
568 3092 674 3171 Quare
697 3094 770 3160 talis
793 3090 949 3172 genitivus
972 3088 1088 3154 dieitur
1111 3087 1276 3150 obiectione.
1302 3135 1305 3142 .

259 3191 283 3250 Ι.
326 3193 373 3253 Ea
394 3196 517 3268 genitivi
540 3193 650 3268 lomna,
680 3213 739 3270 qua
760 3196 856 3254 altere
882 3193 964 3252 notio
991 3192 1020 3248 in
1048 3188 1122 3248 fines
1156 3186 1243 3262 quasi

333 3293 473 3364 nominis,
499 3295 576 3367 quod
598 3295 630 3353 in
652 3295 783 3368 genitivo
809 3291 937 3365 positum
961 3293 1016 3360 est,
1040 3287 1187 3362 recipitur
1210 3291 1242 3344 et

541 3395 583 3452 sio
607 3395 670 3452 eius
693 3393 818 3452 ambitus
841 3394 1006 3450 coercetur.

260 3487 310 3548 64.
333 3501 359 3547 a.
385 3487 540 3550 Gauianus
562 3490 746 3562 quuuutaa‘a
771 3485 868 3558 Cuius
892 3483 1028 3563 primum
1053 3483 1247 3562 genesaret
1269 3495 1325 3558 ge·

170 3579 291 3646 nitivus
314 3585 382 3648 eius
405 3584 488 3662 quod
511 3591 625 3648 natura
648 3589 749 3650 totum
773 3589 831 3663 est,
862 3601 887 3648 s.
904 3585 1077 3660 partitibus,
1108 3579 1162 3660 qui
1184 3577 1325 3659 pendere

170 3682 278 3757 potest
299 3699 338 3744 ex
360 3680 578 3758 substantivis,
601 3681 851 3761 pronominibus,
874 3681 1049 3756 adieetivis
1073 3675 1241 3746 adverbiis.
1286 3671 1325 3738 Iu

171 3777 309 3840 carmine
333 3775 448 3842 Saliari
471 3795 520 3858 ap.
544 3777 677 3844 Varron.
700 3779 740 3844 de
762 3780 797 3846 L.
820 3780 855 3846 L.
878 3781 897 3844 l.
921 3779 994 3857 VII,
1011 3783 1038 3854 3,
1061 3785 1101 3844 27
1126 3785 1193 3843 est:
1217 3781 1325 3840 Divum

169 3875 236 3934 Dao
260 3879 447 3951 supplicante
479 3881 626 3954 (supplice
650 3881 758 3954 cante).
804 3879 861 3959 Ap.
886 3877 1037 3944 Claudius
1066 3895 1115 3957 ap.
1139 3876 1269 3940 Festum
1291 3890 1325 3952 p.

171 3975 231 4033 317
256 3971 304 4036 ed.
328 3971 364 4037 Ο.
388 3972 532 4038 Mueller.
558 3973 691 4058 (Meyer.
712 3981 806 4042 oratt
831 3977 921 4044 Rom.
944 3975 1055 4058 fragm.
1080 3975 1126 4041 ed.
1150 3974 1193 4052 Il,
1218 3989 1249 4052 p.
1274 3972 1323 4047 3)ss

179 4129 184 4132 .
202 4129 207 4133 .
215 4129 318 4136 ...ᾖ-..-ι

243 4195 279 4258 ²²)
307 4197 460 4268 Madvigius
490 4211 517 4258 et
540 4205 679 4260 Aubertus
708 4204 824 4275 ilrimiqe
853 4220 895 4277 qur
913 4206 956 4260 lot.
979 4205 1095 4260 broma.
1114 4205 1137 4275 1,
1165 4221 1192 4275 p.
1211 4206 1244 4259 31
1264 4215 1323 4270 sqq.

172 4277 316 4345 appellant
335 4281 481 4350 genitivum
500 4286 666 4342 definitivum
685 4305 707 4344 a.
727 4289 938 4360 opexegaticum.

1026 4379 1090 4440 21*
