3058 4766
207 273 247 328 90
653 265 809 305 suasrnuu.
824 256 886 304 olr.
901 263 942 302 111.

195 440 260 499 istis
282 440 416 499 omnideo
436 439 606 503 monnau.
634 458 663 504 v.
686 443 784 503 1237:
809 441 883 502 Gom
904 456 1012 500 corono
1039 440 1151 499 ebrium
1176 439 1356 498 Pseudulum

197 545 278 597 tuum
307 533 445 614 (vides).
490 534 574 600 Meu.
601 541 680 616 prol.
709 555 737 599 v.
766 541 821 601 70:
855 539 951 599 Hodie
983 539 1013 597 in
1042 537 1241 612 Epidamnum
1274 539 1356 597 venit

199 653 265 695 eam
286 651 370 694 seruo
390 652 452 696 suo.
497 631 522 712 Ι,
553 639 580 713 1,
607 639 662 700 23:
694 635 783 698 Domi
813 637 880 696 dum
909 637 1042 696 dominus
1071 652 1134 695 som
1163 652 1257 710 usque
1289 653 1357 696 eom

201 734 280 792 roms
301 733 381 791 mis.
426 728 485 809 ΙΙΙ,
510 735 538 809 3,
565 737 623 796 14:
652 736 728 794 Nam
755 738 806 810 pol
836 751 899 794 oum
924 735 977 793 aon
1003 750 1063 792 una
1085 732 1162 794 dedi.
1186 730 1240 808 IV,
1268 737 1295 811 l,
1320 736 1354 796 5:

198 832 310 891 Pallam
338 829 375 890 ad
397 828 591 906 phrygionem
614 849 679 891 eum
700 849 810 891 corono
831 833 880 891 hie
903 832 1003 891 ebrius
1026 831 1166 891 Ferebat.
1209 828 1292 895 Men.
1315 828 1354 908 V,

201 932 227 1005 l,
251 930 283 990 2:
304 929 399 988 Nimis
423 931 513 988 stulte
537 928 645 988 dudum
667 929 736 1007 feei,
761 948 847 1006 quom
870 928 1071 1003 marsuppium
1084 928 1270 990 Messenioni
1289 946 1356 988 eum

200 1031 322 1098 arpenno
345 1026 524 1086 concredidi.
569 1023 607 1100 V,
632 1031 659 1102 7,
682 1030 739 1089 48:
760 1035 873 1088 reetest
895 1029 1081 1101 obsignatum
1103 1027 1134 1084 in
1158 1027 1255 1086 vidulo
1277 1045 1354 1086 mar·

200 1125 337 1198 suppium
363 1122 437 1183 Cum
459 1124 574 1183 vioueo.
594 1121 632 1202 V,
649 1129 677 1202 7,
702 1129 757 1188 53:
781 1127 815 1185 ld
837 1125 916 1201 quod
935 1128 978 1185 ait
1001 1141 1032 1184 se
1055 1125 1094 1183 mi
1117 1125 1275 1185 allaturum
1291 1141 1357 1184 oum

199 1225 319 1293 orpento
341 1223 551 1296 marsuppium.
575 1225 604 1299 3,
629 1225 683 1284 26:
707 1224 760 1284 Set
781 1231 850 1284 uter
871 1229 1067 1285 vostmrumst
1090 1222 1229 1281 adventus
1244 1238 1358 1280 meeum

199 1317 289 1378 navi?
324 1333 352 1381 v.
377 1321 432 1381 53:
462 1337 528 1378 eom
546 1324 635 1392 patre
657 1328 690 1380 ut
712 1323 771 1381 abii
794 1323 964 1382 Tarentum.
1009 1317 1103 1382 Most.
1127 1333 1155 1380 v.
1178 1321 1233 1379 44:
1257 1335 1354 1392 neque

200 1416 336 1490 superior
363 1434 428 1477 eom
457 1433 507 1476 ero
547 1420 732 1480 aeoumbere.
777 1437 806 1483 v.
832 1423 906 1482 106:
941 1419 1013 1480 enm
1042 1419 1129 1494 pigra
1156 1415 1276 1475 familia.
1323 1431 1352 1476 v.

202 1516 277 1576 148:
307 1514 380 1575 Com
402 1514 593 1587 fondmnento
614 1519 769 1591 perierint.
791 1535 820 1582 v.
845 1521 922 1580 243:
945 1534 1010 1577 eum
1033 1516 1222 1576 ornamentis.
1267 1509 1305 1589 V,
1325 1516 1355 1589 l,

201 1613 256 1672 69:
280 1613 465 1686 quoiusmodi
486 1615 603 1691 reliqui,
628 1633 713 1689 quom
737 1617 805 1675 hino
828 1617 954 1692 ahiham,
977 1614 1090 1674 filium?
1127 1611 1189 1675 Tu.
1215 1611 1289 1672 Gom
1304 1627 1357 1683 pe-

199 1709 294 1785 dibus,
316 1709 462 1777 monibus,
484 1729 550 1771 eam
571 1711 679 1784 diuitis,
702 1716 834 1781 auribnus,
857 1714 957 1789 oeulis,
981 1712 1082 1772 labris.
1116 1709 1205 1772 Pers.
1227 1724 1255 1770 v.
1279 1711 1357 1772 737:

201 1807 277 1865 Nam
306 1808 364 1866 iam
392 1808 541 1869 inclinabo
565 1827 612 1870 me
641 1829 707 1870 oum
734 1813 839 1870 liberto
865 1816 927 1875 too.
972 1808 1069 1873 Mero.
1093 1825 1122 1871 u.
1147 1811 1224 1871 347:
1253 1812 1356 1867 tantus

200 1921 266 1962 oum
287 1919 362 1962 euro
382 1912 478 1965 meost
500 1924 585 1966 error
607 1911 712 1970 animo.
737 1907 796 1987 ΙΠ,
825 1914 854 1988 4,
877 1913 932 1972 4οε
963 1909 1126 1970 Perdidisti
1147 1923 1193 1966 me
1218 1911 1249 1964 et
1267 1904 1357 1963 iidem

200 2018 310 2060 meeum
333 2008 423 2062 inam.
451 1999 506 2080 IV,
530 2008 560 2082 4,
583 2009 638 2068 54:
665 2011 707 2068 At
728 2014 757 2068 te
781 2011 886 2084 vieiue,
918 2008 948 2067 di
971 2009 1103 2081 deaeque
1125 2005 1268 2080 perduint
1291 2001 1360 2060 Tuo

200 2118 266 2158 eom
293 2101 533 2175 manuumque
556 2105 763 2165 amotionibus.
808 2103 904 2169 Stich.
927 2103 967 2184 V,
988 2107 1016 2182 2,
1042 2106 1096 2167 16:
1119 2105 1164 2163 Ibi
1187 2107 1287 2162 voster
1309 2116 1358 2158 ee-

200 2205 251 2257 nat
272 2216 338 2257 eom
358 2213 450 2256 onore
478 2199 553 2259 adeo
580 2209 611 2261 et
633 2205 775 2278 Antipho.
821 2201 907 2266 Asin.
936 2202 992 2281 IV,
1026 2207 1052 2270 1,
1082 2204 1136 2264 26;
1166 2202 1273 2260 Tenum
1299 2213 1359 2255 una

200 2295 308 2372 postea
330 2312 423 2370 aeque
446 2298 534 2370 pocla
555 2301 673 2372 potitet.
699 2299 810 2380 Amph.
834 2299 881 2380 ΙΙ,
909 2304 944 2377 2,
975 2303 1051 2363 221:
1081 2301 1138 2374 Qui
1167 2315 1278 2357 meeum
1299 2311 1358 2352 uua

199 2401 317 2455 vectust
339 2411 398 2453 ulra
420 2396 496 2453 nevi.
540 2394 627 2458 Asin.
655 2395 692 2474 V,
726 2401 755 2476 2,
786 2401 841 2461 63:
871 2406 904 2458 ut
932 2402 1011 2459 sinat
1037 2400 1108 2459 Sese
1137 2399 1269 2458 alternas
1292 2409 1358 2452 eum

200 2493 251 2552 illo
274 2492 370 2551 noetis
392 2492 448 2550 hae
471 2491 538 2552 frui.
583 2491 698 2557 Pseud.
720 2494 745 2574 1,
774 2502 799 2572 l,
825 2500 878 2559 10:
907 2505 940 2558 ut
962 2497 1041 2573 quod
1062 2515 1116 2570 ego
1139 2495 1242 2554 neseio
1265 2495 1360 2550 tesam

201 2590 301 2649 seiam.
344 2585 460 2650 Pseud.
482 2606 511 2652 v.
537 2595 616 2655 343:
639 2612 703 2654 oum
725 2597 875 2656 intestinis
898 2597 1040 2655 omnibus.
1086 2591 1129 2670 II,
1151 2596 1181 2669 4,
1206 2592 1262 2652 28:
1284 2589 1359 2648 Eius

205 2704 291 2747 servo
315 2689 365 2760 qui
386 2686 464 2746 hune
486 2687 604 2750 ferebat
625 2709 691 2751 eum
712 2695 840 2766 quinque
863 2695 979 2770 argenti
1001 2693 1097 2752 minis.
1129 2687 1225 2753 Stich.
1247 2683 1302 2762 lv,
1327 2688 1357 2760 2,

203 2787 238 2847 2:
262 2785 335 2845 Oeam
358 2785 460 2845 amma
483 2788 647 2849 deliberavi
669 2791 727 2850 iam
750 2799 781 2850 et
804 2809 870 2851 eom
892 2794 1022 2864 connatis
1042 2791 1123 2849 neeis
1155 2804 1183 2847 v.
1207 2789 1237 2846 4.
1260 2778 1359 2844 Stich.

202 2898 231 2943 v.
255 2883 325 2944 536.
349 2879 387 2958 V,
414 2886 440 2959 1,
470 2887 498 2944 i.
526 2882 580 2961 IV,
606 2890 633 2962 1,
658 2891 714 2949 22:
738 2891 852 2950 insedit
876 2907 941 2948 eum
963 2906 1060 2949 socero
1082 2904 1143 2948 suo.
1171 2881 1225 2958 IV,
1250 2883 1278 2958 l,
1305 2881 1359 2940 ll:

204 2997 270 3040 eum
293 2981 401 3041 vostris
424 2984 575 3043 uxoribus.
620 2983 646 3062 I,
677 2989 705 3062 3,
739 2989 787 3048 18.
831 2983 873 3064 Π,
897 2989 931 3064 2,
956 2989 1010 3049 26;
1034 2988 1170 3061 quesite
1192 2999 1258 3042 eom
1284 2980 1362 3038 veste

205 3078 314 3138 ordeo?
336 3095 365 3140 v.
390 3079 439 3140 28.
462 3077 576 3142 Bacch.
601 3079 655 3159 IV,
672 3087 702 3159 4,
727 3087 760 3145 7:
783 3085 908 3160 Quinam
931 3102 985 3159 ego
1007 3086 1087 3161 bibo,
1111 3083 1228 3157 pomum
1251 3079 1306 3138 edo
1329 3081 1363 3134 et

207 3194 283 3236 amo.
305 3193 334 3238 v.
361 3179 434 3239 103:
460 3178 534 3238 Cum
556 3181 653 3239 omino
674 3197 732 3240 seeo
753 3188 878 3257 uterque
899 3184 1066 3242 adeubitum
1091 3183 1176 3242 eatis.
1200 3181 1230 3255 8,
1254 3176 1304 3238 76.
1328 3176 1358 3249 9,

208 3281 284 3340 133:
307 3296 344 3338 ne
367 3295 434 3338 oum
454 3278 506 3336 illo
527 3279 634 3354 pignus
656 3280 729 3339 hant
750 3281 859 3342 anesim
883 3281 964 3340 dare.
1008 3278 1047 3357 V,
1072 3283 1098 3358 1,
1122 3281 1178 3341 28:
1217 3274 1311 3335 Periit
1332 3271 1360 3329 is

208 3391 275 3436 eam
297 3379 355 3436 tuo.
375 3379 412 3453 .2,
436 3377 485 3452 56,
509 3373 534 3453 Ι,
558 3377 587 3453 2,
612 3378 666 3439 32:
690 3376 774 3453 [nna]
798 3396 864 3438 eom
886 3379 982 3438 mama
1004 3379 1140 3438 edeubet.
1169 3373 1227 3450 (sic
1248 3365 1362 3433 Fleok-
1392 3448 1394 3454 Α

212 3471 364 3548 eisenus).
408 3471 523 3535 Bacch.
547 3491 575 3534 v.
602 3477 656 3536 12:

916 3575 1017 3649 eequis
1047 3579 1152 3633 evoeat

337 3666 411 3727 Gom
431 3668 601 3728 numianus
622 3678 653 3730 et
676 3689 742 3732 eom
764 3689 846 3746 aquo
866 3673 954 3732 istum
977 3666 1236 3745 impurissumum?

212 3761 329 3826 Pseud.
352 3779 380 3827 v.
406 3767 500 3828 1327:
538 3769 656 3828 Menam
679 3771 690 3828 i
711 3775 853 3844 potatum.
895 3767 978 3832 Meu.
1002 3764 1040 3846 V,
1065 3771 1093 3842 7,
1116 3769 1171 3830 45:
1195 3783 1253 3826 uua
1275 3770 1368 3824 worm

210 3865 260 3923 ibo
276 3863 401 3924 domum.
424 3859 505 3926 Rud.
522 3861 559 3942 V,
584 3868 611 3940 3,
631 3871 663 3928 7:
692 3869 759 3928 Una
778 3870 867 3929 iatine
883 3869 1002 3928 cistella
1021 3871 1177 3941 exceptast
1191 3863 1279 3925 modo
1293 3863 1369 3923 eum

213 3961 394 4038 crepundiis,
411 3962 515 4036 quibus
528 3963 615 4024 hodie
627 3965 718 4025 filiam
732 3967 833 4025 inveni
848 3983 951 4028 meam.
975 3961 1080 4027 Bueeh
1096 3979 1125 4025 v.
1143 3964 1204 4025 656
1221 3975 1281 4038 so:

500 4127 503 4134 ‚
548 4061 696 4135 Inprobus
720 4065 759 4124 sit
781 4081 847 4123 oum
865 4063 1007 4140 inprobis,

545 4161 699 4237 Harpaget
720 4178 785 4221 eom
807 4162 933 4234 sumbus.

214 4249 329 4316 Caecil.
360 4251 441 4317 Stat.
471 4250 648 4320 Nauclerus
674 4255 713 4320 ir.
738 4261 771 4320 2:
809 4261 851 4320 Ut
879 4267 910 4318 te
934 4259 965 4317 di
991 4273 1093 4318 omnes
1121 4255 1278 4318 infelicent
1304 4271 1373 4314 mem
