3070 4758
452 276 539 317 GASUS
554 277 822 319 sumsusuulvollull.
844 295 870 306 -
884 275 1049 319 suul‘rlvus.
1260 285 1323 344 Μ

171 454 225 512 tia.
249 448 352 514 eleut.
377 447 491 516 Bacch.
514 470 543 516 v.
563 452 658 517 1200:
682 457 831 516 Tuesnm
854 459 1000 528 operase
1021 455 1147 526 propter
1169 457 1199 510 te
1221 451 1323 525 inpro-

170 551 246 612 bior.
269 547 335 612 BA.
358 551 404 610 Ne
427 553 465 611 b‘a
495 550 662 626 lutetiam
684 554 729 614 lac·
750 571 842 614 caesa
867 548 986 614 dieitur
1007 563 1066 627 pro
1089 551 1141 608 bea
1163 545 1201 622 c.)
1233 565 1322 623 quam

172 662 239 708 roeo
260 649 430 723 mavellem,
455 647 496 711 de
518 665 581 728 quc
603 648 624 712 l.
647 647 720 714 vide
741 647 873 714 Ritschl.
897 645 1012 711 Pseud.
1034 645 1060 725 I,
1086 649 1113 722 1,
1136 661 1165 706 v.
1190 648 1208 706 3
1233 648 1267 708 et
1288 648 1323 708 4:

165 746 310 805 diuorum
333 746 428 806 labori
451 763 505 823 ego
529 749 677 808 bominum
704 751 868 824 parsissem
896 747 1016 807 lubens:
1060 744 1175 804 Metto
1198 743 1324 818 rogandi

174 850 206 902 et
228 845 266 902 tis
290 844 491 918 respondendi
511 847 584 904 mihi
608 847 649 923 (v.
672 843 819 910 Perizon.
848 844 898 909 ed.
922 841 1027 908 Suuct.
1055 857 1085 919 p.
1111 845 1186 918 177,
1214 838 1320 906 admei.

175 942 213 1002 15
237 941 270 1002 et
291 955 320 1018 p.
346 942 417 1015 260,
441 939 547 1006 adnot.
574 944 635 1018 16).
660 941 744 1006 Trin.
769 959 796 1005 v.
818 946 860 1006 45
884 957 945 1020 sq:
970 942 1065 1015 Quoia
1086 939 1135 1000 bic
1158 955 1252 1015 prope
1274 955 1321 1002 ure

171 1055 227 1098 vox
251 1037 358 1099 sonat?
379 1036 450 1100 ΜΕ.
474 1042 533 1102 Tei
556 1042 754 1102 benevolentis.
798 1038 912 1119 Amph.
937 1039 975 1116 V,
1000 1041 1028 1106 2,
1050 1041 1084 1100 5:
1107 1039 1237 1098 Primum
1260 1053 1321 1098 om·

170 1137 250 1194 nium
272 1135 455 1197 Alcumenae
476 1157 593 1200 usuram
617 1140 747 1213 copone
769 1141 852 1214 Cepi.
877 1135 967 1215 Gept.
990 1134 1070 1216 prol.
1093 1153 1122 1198 v.
1146 1137 1221 1198 loe:
1244 1136 1321 1196 Usu·

170 1249 292 1309 remque
316 1235 379 1294 elce
400 1238 533 1310 corperis
555 1240 636 1313 cepit
659 1239 724 1300 sibi.
770 1234 863 1300 Most.
886 1253 915 1298 v.
946 1237 1020 1300 139:
1049 1236 1167 1295 uirtutis
1193 1233 1322 1308 modum,

171 1328 257 1408 quod
278 1328 388 1394 Lumb.
412 1333 510 1414 erpi:
549 1332 725 1414 Virtutem,
755 1350 837 1413 quae
859 1333 962 1396 instar
990 1331 1075 1396 modi
1097 1333 1131 1394 et
1152 1345 1321 1394 mensurae

174 1425 253 1490 est.“
277 1426 391 1492 Bacch.
415 1427 470 1505 IV,
495 1435 523 1509 2,
542 1436 596 1496 19:
618 1433 713 1493 Illius
735 1450 800 1494 sum
823 1434 1056 1508 integumentum
1077 1431 1220 1504 corporis.
1245 1423 1321 1490 cist.

170 1520 328 1601 ll,1‚s:
375 1530 418 1588 ite
447 1531 576 1590 nubilem
606 1539 736 1591 mentem
763 1533 854 1590 animi
875 1532 979 1592 labeo.
1025 1523 1138 1605 Amph.
1160 1523 1204 1602 ll,
1228 1527 1258 1601 2,
1283 1527 1321 1586 1:

171 1624 231 1684 Res
270 1661 309 1673 -
344 1629 542 1702 voluptatum,
588 1627 641 1705 qui
682 1625 844 1706 genitivus
884 1624 981 1690 efficit
1013 1620 1229 1704 periphrasin,
1260 1620 1322 1687 vid.

172 1718 304 1784 Taubm.
327 1721 368 1785 ad
392 1721 421 1785 b.
445 1721 464 1785 l.
485 1722 600 1788 Pseud.
624 1722 649 1801 l,
674 1727 702 1803 3,
730 1730 806 1790 143:
849 1727 943 1800 magis
976 1738 1085 1799 operae
1119 1723 1144 1782 si
1171 1724 1224 1798 sit,
1254 1723 1322 1796 plus

171 1829 269 1882 tecum
286 1823 399 1898 loquer.
424 1817 496 1884 Ges.
512 1821 550 1900 V,
569 1825 598 1898 2,
615 1827 648 1885 5:
672 1830 719 1884 est
733 1841 852 1899 operes.
875 1820 998 1886 Lamb.:
1022 1836 1114 1900 „proz
1138 1821 1187 1883 est
1203 1832 1320 1896 operae

168 1919 316 1996 pretium.
350 1916 410 1981 Vel
433 1917 493 1995 dic,
521 1926 565 1980 cst
585 1939 691 1994 operae
711 1920 757 1984 sic
780 1919 899 1984 dictum
922 1937 1009 1998 esse,
1038 1923 1082 1980 est
1101 1919 1251 1992 memoris,
1280 1923 1324 1980 eet

171 2017 273 2093 officii,
297 2016 388 2095 quasi
411 2014 506 2095 dicet,
530 2015 659 2098 dignum
684 2024 735 2082 est
756 2035 864 2098 opera,
891 2015 1034 2082 audire.“
1063 2014 1114 2081 sic
1136 2013 1203 2080 Mil.
1228 2014 1269 2094 ll,
1291 2021 1320 2092 2,

169 2118 226 2178 97:
263 2131 373 2189 operes
399 2133 456 2176 non
481 2123 536 2191 est,
559 2135 588 2180 v.
611 2115 700 2180 Lind.
738 2115 835 2182 Merc.
858 2114 896 2194 V,
919 2120 947 2195 2,
972 2120 1026 2180 ll:
1060 2117 1127 2176 Nou
1149 2123 1251 2190 opust,
1274 2117 1319 2175 in»

169 2230 267 2290 qnam,
291 2229 368 2272 nune
391 2216 470 2274 intro
495 2220 524 2274 te
547 2217 600 2275 ire.
624 2213 689 2278 CH.
714 2219 873 2292 Responde
895 2217 980 2275 mihi:
1010 2216 1075 2288 Qus
1097 2214 1206 2275 censa?
1249 2210 1318 2276 ΕΗ.

172 2312 291 2385 Operae
313 2329 371 2371 non
395 2319 450 2374 est.
494 2309 561 2375 Mil.
583 2311 643 2390 ΙΙΙ,
667 2317 695 2391 2,
720 2317 754 2376 6:
779 2315 845 2374 Non
870 2319 1011 2389 operaest
1033 2313 1184 2373 Sceledro.
1222 2307 1319 2374 Puen.

173 2404 212 2484 V,
236 2412 266 2486 4,
291 2412 322 2470 1:
344 2411 415 2469 Fuit
436 2412 524 2471 hodie
547 2428 657 2486 operae
680 2415 810 2487 pretium
833 2413 895 2472 eius
919 2413 970 2486 qui
992 2411 1170 2470 amabiliteti
1192 2412 1321 2470 animum

171 2505 325 2568 adiiceret
371 2503 460 2583 dape.
489 2504 551 2586 lv,
580 2512 613 2586 2,
645 2512 718 2572 109:
762 2511 938 2570 Liberorum
966 2509 1202 2584 quaerundorum
1230 2523 1321 2568 ceusu

171 2605 199 2662 ei
233 2603 323 2664 credo
356 2622 430 2664 uxor
464 2607 570 2667 datust.
626 2603 724 2671 Stich.
757 2606 805 2685 ll,
841 2610 877 2684 2,
915 2609 968 2668 14;
1020 2607 1068 2665 Ita
1101 2608 1192 2666 celeri
1225 2606 1319 2664 curri·

169 2704 237 2760 culo
265 2700 308 2762 fui
334 2702 465 2777 Propere
498 2711 629 2780 sportu
657 2707 777 2766 bonores
804 2721 910 2766 caussa
937 2706 996 2779 tui,
1034 2701 1074 2765 ud
1101 2716 1130 2779 q.
1153 2699 1174 2764 l.
1205 2699 1318 2764 Genu:

169 2803 240 2876 „est
260 2794 398 2862 formula
420 2800 609 2880 exprimens,
631 2801 715 2881 quod
737 2801 833 2884 vulgo
856 2801 1047 2877 diceremus,
1072 2803 1136 2862 tue.
1150 2814 1260 2866 cause,
1281 2801 1319 2861 ut

169 2894 229 2959 tibi
252 2893 455 2976 obsequerer,
479 2903 516 2963 ut
537 2897 596 2962 tibi
617 2898 846 2980 indulgerem.“
891 2897 982 2963 (iuro.
1005 2896 1060 2976 IV,
1085 2900 1114 2971 3,
1140 2901 1193 2959 17:
1232 2898 1318 2970 Quod

166 2995 324 3074 meudesti,
348 2996 408 3056 ieci
431 2998 552 3059 lionoris
575 3002 680 3074 gretie
725 2997 812 3062 Asin.
837 2997 895 3077 ΙΙΙ,
919 3001 948 3072 2,
973 3001 1008 3061 3:
1037 2999 1146 3057 virtute
1172 2997 1318 3056 ulmorum

168 3089 253 3152 freti.
276 3088 472 3158 Menaechm.
494 3092 533 3174 V,
559 3099 666 3174 2118
692 3092 1058 3172 (elementumque.
1081 3091 1157 3156 Min.
1181 3108 1211 3170 p.
1222 3090 1316 3170 257):

167 3191 327 3265 Imperium
361 3199 444 3255 tuum
477 3195 610 3256 demutet
642 3201 731 3270 atque
770 3195 900 3256 edictum
933 3195 1099 3270 Apollinis,
1137 3188 1223 3269 quod
1252 3204 1316 3253 see.

167 3284 361 3352 Schmidium
390 3313 433 3344 =
459 3288 627 3370 imperium
664 3297 761 3370 atque
791 3289 930 3355 edictum
963 3290 1011 3354 tui
1042 3288 1217 3369 Apollinis,
1254 3303 1317 3350 sec.

166 3382 361 3450 Gronovium
383 3409 425 3436 =
448 3385 551 3452 Tuum
574 3389 751 3470 imperium,
775 3388 940 3468 imperinm
965 3386 1128 3468 Apollinis.
1149 3385 1237 3451 Pers.
1261 3383 1316 3463 IV,

168 3486 197 3560 2,
221 3485 256 3548 8:
279 3485 339 3547 Ubi
361 3503 426 3546 cum
451 3489 558 3550 lenone
580 3506 627 3549 me
649 3490 763 3552 videbis
787 3490 935 3565 conloqui,
959 3489 993 3548 Id
1010 3489 1068 3546 erit
1090 3486 1218 3546 adeundi
1240 3492 1315 3546 tem·

165 3596 230 3656 pus.
273 3581 368 3662 Epiri.
391 3581 450 3663 III,
473 3589 504 3660 4,
528 3589 561 3649 6:
584 3590 694 3650 virtute
716 3588 797 3648 belli.
842 3582 956 3663 Amph.
979 3582 1022 3663 II,
1046 3587 1074 3660 2,
1100 3585 1153 3646 162
1174 3584 1207 3644 id
1227 3584 1316 3644 modo

164 3680 189 3737 si
212 3682 358 3744 mercedis
381 3683 478 3744 Detur
500 3686 554 3763 mi,
586 3693 722 3746 ulmeus
745 3687 841 3746 victor
869 3687 915 3746 vir
942 3686 1015 3745 belli
1037 3686 1151 3756 cluest,
1178 3679 1218 3744 ad
1240 3697 1270 3759 q.
1293 3678 1313 3742 l.

162 3774 224 3838 vid.
244 3773 376 3842 Taubm.
399 3777 470 3845 Huc
492 3785 570 3862 pute
593 3783 687 3847 etiam
710 3780 873 3861 pertinere
887 3780 1062 3861 genitivum
1083 3778 1265 3844 absolutum
1281 3776 1315 3842 in

165 3871 393 3942 exclamatione
417 3877 556 3960 positum
587 3882 641 3956 (a.
666 3877 785 3943 Bernb.
812 3882 895 3960 synt.
925 3877 1038 3944 Grues.
1066 3894 1097 3957 p.
1125 3879 1186 3940 164
1214 3874 1314 3951 edd.)

165 3965 261 4034 Most.
276 3972 336 4054 ΙΙΙ,
349 3979 389 4055 ·3,
412 3979 448 4042 91
472 3980 512 4041 Di
534 3981 726 4053 immortales,
749 3980 922 4039 mercimoni
942 3978 1043 4054 lepidi,
1066 3991 1160 4053 quem
1175 3971 1314 4038 memus

170 4065 212 4132 de
234 4083 296 4134 cus.
317 4089 348 4153 p.
369 4078 411 4138 te
437 4073 524 4141 inter
545 4075 701 4156 genitivos
728 4091 799 4140 cum
829 4071 1106 4139 interiectionibus
1130 4072 1313 4138 coniunctos

146 4163 269 4230 ebert·
283 4166 391 4236 dicens
413 4171 588 4253 genitivum
611 4189 738 4239 eausam
761 4172 937 4252 exprimere
960 4187 1088 4241 sensus,
1110 4170 1165 4249 qui
1186 4168 1316 4234 interie-

165 4262 271 4330 ctione
294 4263 492 4347 significatus
514 4273 573 4336 est.
619 4269 753 4336 Terent:
767 4270 867 4336 Andr.
890 4268 928 4349 V,
952 4273 981 4349 2,
1006 4272 1040 4332 l:
1071 4271 1142 4332 lleo
1163 4269 1314 4347 praecidio
