3070 4758
222 301 283 359 250
636 291 789 333 suesanus.
811 291 873 332 car.
895 291 935 331 mr.

221 466 406 545 pontificium
431 469 540 542 optime
565 471 652 529 scire.
697 465 735 531 R.
759 461 796 530 R.
822 480 846 531 t.
872 467 904 530 b:
937 479 1012 542 quae
1035 481 1127 541 opera
1148 465 1214 525 fieri
1237 468 1316 525 velit.
1341 455 1375 528 (i.

221 567 279 629 42:
318 563 403 642 Quod
427 581 519 638 peaes
546 573 597 626 aut
624 567 712 638 ficem
745 573 796 625 aut
827 565 920 624 oleam
946 579 1006 624 esse
1036 565 1130 636 acles,
1169 562 1237 624 inde
1269 565 1375 622 librum

221 667 340 738 scalpro
363 663 493 723 exsuita.
519 659 645 726 0157:
669 669 699 722 et
721 665 792 723 mali
814 662 889 722 nibil
904 664 983 724 sinet
1004 662 1035 720 iu
1056 677 1181 734 corpore
1199 663 1374 720 consistere,

220 755 255 823 O.
278 765 314 822 4:
354 759 515 822 Fabullum
538 778 574 819 ns
597 761 702 821 siveris
719 777 851 834 peceare.
897 757 930 822 Ο.
958 759 1035 820 105:
1080 759 1234 817 Biennium
1258 761 1288 816 in
1313 761 1375 817 sole

219 859 307 918 sinito
324 861 456 932 positura
478 873 547 917 csse.
592 851 626 919 C.
653 859 730 919 141:
768 859 869 932 utique
893 863 925 916 tu
948 856 1066 933 frages,
1090 855 1255 931 fremente,
1277 854 1375 913 cineta

220 955 411 1031 virgultaque
434 955 579 1029 praedira
601 952 736 1030 beneque
758 954 874 1014 eceaac're
895 955 984 1014 staua
1022 950 1059 1014 In
1082 949 1103 1015 l.
1123 950 1234 1030 quinto
1257 950 1373 1030 origg:

219 1050 271 1113 illi
294 1052 436 1129 polliciti,
472 1070 538 1113 sese
562 1053 714 1124 facturam
742 1047 1171 1126 (=factumireB01huiS.
1196 1049 1248 1122 38)
1278 1051 1375 1108 omnia

222 1145 333 1224 [Prisc.
357 1145 418 1222 lll,
441 1167 472 1230 p.
496 1152 558 1212 864
581 1149 629 1212 ed.
654 1147 689 1212 P.
713 1146 783 1213 coll.
809 1145 890 1212 Geli.
914 1145 939 1223 l,
964 1149 981 1208 7
993 1195 1000 1225 ,
1031 1145 1086 1209 ubi
1109 1145 1205 1210 etiam
1226 1143 1314 1208 locus
1337 1163 1376 1208 ex

220 1239 328 1308 Plauti
353 1243 469 1309 Casina
491 1243 607 1309 allatus
631 1249 703 1314 esti.
744 1243 824 1310 Oato
847 1248 927 1308 orat.
954 1243 993 1306 de
1015 1240 1103 1308 falsis
1126 1243 1241 1322 pugnis
1266 1247 1376 1308 contra

219 1337 394 1405 Thermum
418 1361 467 1423 ap.
492 1339 574 1407 Geli.
598 1341 637 1422 X,
662 1347 680 1408 3
703 1361 766 1407 acc.
791 1360 818 1406 c.
842 1339 895 1404 ini.
921 1341 953 1403 in
977 1338 1213 1416 exclamatione,
1237 1359 1299 1419 qua
1322 1360 1375 1404 ex-

218 1439 383 1520 probratio
411 1440 608 1520 exprimitur,
639 1441 763 1522 positus
780 1444 845 1504 est:
867 1441 1028 1514 Insignitas
1051 1441 1260 1500 iniurias-ie
1276 1440 1376 1512 faeere

212 1555 325 1598 unauna
348 1555 416 1601 esse.
440 1537 478 1602 R.
491 1535 528 1601 R.
547 1557 572 1602 e.
586 1541 621 1602 6:
647 1541 739 1614 Quam
763 1557 865 1599 earum
888 1541 918 1597 in
941 1539 988 1598 bis
1011 1539 1086 1598 locis
1110 1538 1249 1612 optimam
1274 1539 1375 1598 dicent

219 1650 296 1696 esse.
321 1632 400 1698 Calo
423 1635 459 1698 R.
483 1633 521 1698 R.
545 1633 661 1716 praei:
688 1639 820 1698 Maiores
844 1638 920 1696 euim
944 1637 1039 1695 nostri
1061 1637 1117 1694 boc
1141 1637 1184 1694 sic
1207 1634 1376 1694 babuerunt

220 1738 251 1792 et
274 1735 317 1792 ita
331 1733 361 1792 iu
377 1735 492 1808 legibus
508 1737 690 1810 posuerunt,
713 1735 811 1807 furem
834 1735 917 1808 dupli
940 1732 1138 1808 coadenmeri,
1162 1731 1376 1802 foeneratorem

220 1831 389 1906 quadrupli.
420 1828 454 1892 Ο.
479 1834 514 1892 3:
540 1831 671 1904 Cogitato
694 1833 852 1907 quotannis
876 1833 1055 1902 tempestates
1077 1845 1199 1902 magnes
1221 1829 1322 1888 uenire
1344 1836 1376 1888 et

219 1929 316 1987 oleam
339 1928 469 1986 deiicere
491 1927 594 1989 solere.
619 1925 653 1990 O.
678 1931 712 1990 5:
741 1931 786 1988 Ne
808 1930 876 2002 plus
899 1931 1015 1986 censeat
1035 1941 1139 1998 supere
1161 1943 1192 1986 se
1210 1939 1301 2000 ”qnam
1325 1926 1374 1984 de-

218 2024 340 2082 minum.
386 2019 465 2086 Cato
488 2039 532 2084 er.
556 2022 679 2086 dierum
707 2023 864 2087 dictarum
892 2022 931 2085 de
955 2019 1120 2085 consulatu
1156 2040 1213 2084 suo
1237 2020 1373 2092 (lordan.

217 2137 249 2199 p.
275 2123 315 2182 33
339 2119 397 2198 sq.)
420 2136 469 2198 ap.
494 2115 615 2183 Charis,
644 2123 820 2182 Maturrime
844 2137 872 2198 p.
899 2123 978 2181 121:
1006 2121 1147 2178 Laudant
1169 2137 1215 2178 me
1238 2123 1374 2182 maximis
1458 2146 1462 2154 =

219 2217 366 2291 laudibus,
396 2224 510 2278 tantum
534 2220 665 2295 navium,
694 2226 807 2278 tantum
831 2217 1011 2293 exercitum,
1039 2221 1153 2274 tautum
1178 2223 1375 2278 commeatum

220 2331 277 2374 non
306 2317 457 2390 opinatum
492 2333 557 2376 esse
586 2333 760 2390 quemquam
790 2316 935 2375 bominem
968 2329 1140 2387 comparare
1163 2316 1313 2388 potuisse,
1343 2317 1374 2376 id

220 2416 320 2472 tamen
344 2413 516 2472 maturrime
547 2411 620 2488 [me]
650 2413 878 2488 comparavisse.
924 2409 960 2473 R,
984 2408 1020 2472 R.
1045 2427 1069 2473 e.
1095 2413 1131 2472 2:
1169 2413 1249 2472 dolia
1271 2415 1373 2487 lavari,

219 2511 327 2584 picari,
351 2509 452 2569 villam
473 2512 604 2585 purgari,
627 2509 808 2571 frumentum
830 2509 998 2582 transferri,
1022 2516 1138 2568 stercus
1161 2507 1242 2568 iuras
1264 2511 1373 2587 efferri,

219 2601 438 2681 sterquilinium
460 2605 535 2684 lieri,
560 2625 659 2668 semen
683 2608 815 2684 purgari,
839 2605 925 2667 funes
948 2616 1066 2668 veteres
1097 2608 1202 2666 sarciri
1224 2626 1373 2683 novosque

217 2703 299 2765 lieri:
324 2711 476 2783 centones,
501 2707 672 2766 cuculioues
696 2705 846 2777 familiam
868 2707 1030 2778 oportuisse
1052 2705 1107 2764 sibi
1130 2707 1251 2764 sarcire.
1290 2703 1329 2766 Η.
1353 2703 1372 2766 l.

220 2799 395 2864 accusativi
432 2817 457 2863 c.
486 2799 539 2863 ini.
564 2801 698 2866 subiecti
725 2799 795 2864 loco
827 2806 902 2864 sunt
930 2801 1032 2879 iisque
1062 2799 1160 2863 verba
1191 2801 1372 2879 superiora:

217 2897 332 2958 Videte
356 2904 433 2972 quot*
452 2899 514 2960 dies
538 2917 649 2974 quaeve
674 2917 767 2974 opera
789 2917 844 2974 per
866 2901 989 2959 imbrem
1012 2901 1078 2959 lieri
1100 2901 1252 2974 potuerint
1275 2899 1373 2978 expli·

217 2997 341 3056 cantur.
387 2991 500 3074 Pergit
522 2993 634 3060 deinde
657 2993 752 3059 simili
775 2993 884 3058 modo:
923 2999 981 3056 Per
1003 2995 1095 3056 lorias
1119 2998 1251 3070 potuisse
1275 2997 1371 3060 fossas

217 3099 337 3152 veteres
354 3093 472 3168 'tergeri
496 3095 569 3156 cett.
594 3089 627 3155 Ο.
652 3096 686 3156 3:
710 3093 830 3152 Patrem
852 3095 982 3153 familiae
1006 3095 1105 3152 villam
1129 3095 1271 3152 rusticam
1294 3097 1370 3154 bene

217 3189 404 3249 aedificatam
425 3189 532 3250 babere
553 3189 676 3263 eepede't.
723 3187 755 3252 Ο.
774 3194 828 3254 33:
863 3193 960 3251 Vitem
985 3193 1131 3252 novellam
1154 3193 1287 3252 resecari
1309 3200 1371 3252 tum

218 3287 277 3346 erit
299 3293 424 3362 tempus,
448 3287 499 3345 ubi
522 3287 640 3348 valebit.
687 3284 719 3350 Ο,
744 3291 777 3350 9:
807 3289 920 3348 Salicta
942 3291 1016 3349 locis
1040 3288 1159 3362 aquosis
1183 3319 1221 3330 -
1245 3288 1287 3348 ibi
1310 3292 1370 3350 seri

217 3391 348 3458 oportet.
396 3379 429 3444 Ο.
453 3385 485 3444 2:
531 3383 603 3443 (lum
627 3385 705 3444 servi
729 3389 926 3460 aegrotarint,
964 3386 1079 3445 cibaria
1107 3389 1190 3444 tante
1212 3385 1281 3444 deri
1310 3405 1369 3447 nou

216 3483 383 3554 oportuisse.
401 3477 435 3543 Ο.
448 3483 482 3542 4:
500 3481 617 3542 Olatres
629 3483 776 3542 iuteresse
790 3491 909 3557 oportet
920 3483 1006 3559 pede.
1021 3481 1053 3544 C.
1069 3487 1102 3544 7:
1115 3485 1149 3541 lu
1163 3485 1265 3543 eodem
1278 3483 1369 3545 fundo

214 3594 301 3638 seam
323 3578 467 3651 quidquid
488 3580 601 3638 conseri
623 3583 734 3652 oportet
755 3581 934 3656 arbustaque
957 3583 1044 3640 uitem
1066 3581 1208 3654 copulari.
1253 3577 1287 3643 C.
1312 3584 1368 3643 22:

218 3677 302 3734 Inter
325 3677 425 3735 orbem
450 3683 480 3734 et
502 3678 659 3735 miliarium
683 3695 772 3737 unum
797 3679 917 3753 digitum
942 3679 1088 3738 interesse
1111 3683 1239 3752 oportet.
1263 3674 1297 3739 C.
1314 3679 1367 3740 24:

189 3779 193 3786 '
216 3773 325 3834 Vinum
343 3773 490 3832 Graecum
506 3773 561 3833 boc
574 3773 661 3833 modo
677 3775 745 3846 uere
761 3773 1067 3853 oportetluseriptie
1080 3791 1146 3854 cap.
1167 3779 1197 3836 l:
1215 3777 1367 3848 Quomodo

214 3883 316 3944 agrurn
338 3873 396 3929 erni
416 3874 575 3946 pararique
597 3878 743 3946 oporteat.
775 3871 808 3934 O.
834 3877 868 3936 3:
894 3875 993 3934 Prima
1020 3875 1224 3934 adolescentis
1249 3881 1367 3949 patrem

213 3965 345 4027 familiae
375 3983 477 4042 agrum
506 3985 665 4030 conserere
691 3971 822 4031 studiose
851 3977 983 4047 oportet,
1023 3969 1180 4031 aedificare
1208 3973 1257 4030 diu
1287 3973 1366 4048 cogi·

213 4068 279 4123 tare
303 4072 431 4140 oportet,
464 4083 623 4127 conserere
647 4069 779 4142 cogitare
797 4085 859 4128 non
882 4073 1011 4142 oportet,
1042 4069 1095 4129 sed
1115 4066 1216 4129 lacere
1236 4075 1365 4146 oportet.

214 4153 247 4221 O.
271 4161 327 4222 2οτ
360 4163 544 4223 columellam
568 4161 713 4240 ferream,
751 4181 825 4238 quae
849 4168 879 4224 in
902 4167 1030 4226 miliario
1053 4172 1126 4241 stat,
1165 4183 1229 4226 eam
1253 4173 1366 4227 rectam

213 4263 297 4318 stare
318 4265 447 4333 eportet.
471 4256 503 4321 O.
529 4261 563 4322 2:
586 4261 706 4321 Patrem
729 4260 859 4322 familias
882 4265 1051 4341 vendacem,
1075 4281 1134 4325 non
1150 4281 1280 4324 emacem
1297 4279 1364 4324 esec

1523 1571 1529 1742 l

1524 2231 1529 2432 l
