3070 4758
190 203 252 278 292
637 198 792 241 suasurum.
807 195 872 240 aar.
887 197 927 240 ru.
1015 231 1020 238 .

190 383 286 445 quae,
318 383 391 434 cum
412 365 592 434 subiectum
617 369 742 438 actione
771 369 962 438 destitutum
992 369 1074 434 lunc
1103 367 1168 432 vim
1193 381 1258 433 non
1280 365 1344 431 iam

186 461 297 541 habat,
321 461 428 529 nullae
451 463 514 528 alia
535 467 623 530 notio
646 485 715 535 essa
736 471 844 547 potest
865 469 928 534 nisi
951 467 1122 543 obiectum,
1145 462 1231 543 quod
1254 467 1346 529 extra

189 560 347 626 actionem
369 561 460 642 quasi
483 561 706 630 decurrentem
721 565 861 646 positum
879 569 937 630 est.
983 565 1053 628 Hoc
1068 563 1238 637 obiectum,
1262 557 1345 636 quod

188 656 248 722 hac
276 657 399 724 ratione
421 659 525 740 ipsum
548 661 640 740 quasi
665 661 822 744 actionem
843 662 947 729 induit
967 666 1001 726 et
1020 657 1257 735 efficacitatem,
1280 655 1346 735 ple·

189 772 325 835 rumque
346 756 397 822 vel
419 775 557 838 persona
579 761 630 822 est
650 757 701 823 vel
722 758 755 822 in
777 777 933 839 personae
957 758 1118 822 notionem
1139 759 1296 820 mutatum
1313 757 1348 814 et

190 856 259 916 tum
285 852 411 919 demum
438 855 502 920 vim
527 855 561 918 in
590 858 710 920 statum
739 857 874 921 subiecti
903 853 1100 936 grammatici
1130 853 1265 916 maxima
1293 852 1346 916 de-

190 950 303 1030 clarat,
326 969 424 1032 quum
447 953 533 1018 notio
549 953 653 1018 statua
675 953 811 1020 maxime
834 953 1005 1032 conspicua
1025 951 1111 1018 facta
1126 958 1160 1014 et
1174 949 1257 1016 actio
1273 950 1347 1014 suo-

189 1047 265 1115 iecti
287 1047 381 1130 plane
404 1050 562 1131 explicata
585 1054 618 1114 et
639 1049 681 1116 ad
702 1047 797 1116 finem
819 1052 977 1130 perducta
998 1053 1057 1114 est.

280 1144 402 1222 Quodsi
429 1154 601 1227 utrumque
623 1148 860 1228 coniungimus,
896 1149 929 1211 in
958 1147 1083 1212 obiecto
1114 1146 1230 1210 tertiae
1258 1144 1348 1210 verbi

189 1239 312 1309 formae
345 1243 464 1324 duplici
492 1243 561 1308 eius
588 1250 722 1310 naturae
758 1246 955 1326 respondens
981 1243 1097 1324 duplex
1133 1244 1220 1307 notio
1253 1244 1347 1319 inest,

192 1357 263 1404 cum
286 1340 423 1422 primum
454 1343 502 1406 vis
533 1341 666 1408 actionis
694 1343 865 1407 etiamnum
887 1343 921 1407 in
942 1341 1040 1406 verbo
1064 1345 1177 1406 extans
1207 1340 1270 1404 vim
1292 1339 1348 1402 ha·

191 1437 268 1504 beat
289 1439 322 1503 in
344 1439 507 1504 obiectum
530 1437 701 1519 camdeno,
735 1457 799 1504 non
828 1440 981 1504 minorem
1007 1456 1084 1503 vero
1113 1439 1209 1503 etiam
1232 1437 1293 1500 hoc
1315 1437 1347 1502 in

190 1536 428 1616 praedicatum,
471 1539 629 1617 quatenus
661 1542 781 1602 statum
809 1536 966 1616 exprimit.
1012 1534 1076 1602 Sed
1104 1535 1274 1614 utrobique
1300 1541 1350 1598 ta·

191 1651 265 1700 men
288 1633 462 1698 tenendum
484 1638 548 1711 est,
582 1633 642 1698 hoc
663 1635 826 1716 obiectum
849 1633 975 1698 omnino
997 1633 1136 1713 positum
1160 1649 1231 1704 esse
1259 1638 1350 1696 extra

190 1731 350 1814 actionem
378 1749 413 1796 sa
441 1729 653 1815 explicantem
683 1748 787 1811 neque
816 1729 914 1795 ullam
947 1731 1076 1796 eleum
1107 1729 1163 1793 illa
1193 1729 1350 1794 rationem

193 1828 408 1916 intercedere,
442 1847 505 1910 qua
522 1847 560 1894 ra
581 1828 622 1893 ab
645 1827 783 1906 obiecto,
817 1827 903 1907 quod
925 1828 1109 1894 accusativo
1132 1823 1348 1908 significatum

193 1929 253 2004 est,
276 1926 355 1992 satis
377 1926 547 2006 perspicua
569 1925 693 1992 ratione
715 1922 830 1989 differt.
854 1925 905 1988 Ex
920 1925 979 2005 his,
1004 1943 1089 2006 quoe
1105 1926 1350 2006 disputavimus,

193 2019 336 2090 nascitur
364 2023 452 2088 notio
479 2021 641 2103 primitiva
666 2022 781 2101 dativi,
816 2028 853 2086 ut
878 2024 1005 2088 dativus
1032 2024 1074 2088 sit
1099 2039 1191 2088 casus
1224 2023 1350 2101 obiecti,

193 2121 407 2202 quodcunque
430 2120 571 2200 positum
595 2123 686 2184 extra
712 2136 897 2200 processum
919 2120 1054 2185 actionis
1077 2123 1221 2202 tangitur
1243 2125 1351 2186 tamen

195 2216 236 2282 ab
260 2233 298 2282 ea
319 2214 409 2282 finita
432 2217 564 2284 etitem
586 2215 649 2282 vim
671 2216 770 2282 habet
791 2217 824 2280 in
848 2222 985 2296 statum,
1009 2219 1124 2298 quiex
1147 2219 1272 2282 actione
1295 2217 1351 2282 illa

191 2314 303 2378 oritur.
315 2313 357 2394 θ’)

278 2412 325 2478 Ac
347 2411 485 2493 primum
508 2409 636 2491 quidem
659 2412 834 2478 notandum
862 2415 912 2476 est
937 2411 1114 2477 inteream
1142 2414 1220 2493 vim,
1254 2431 1348 2492 quam

194 2507 326 2575 verbum
349 2509 383 2574 iu
405 2509 574 2591 obiectum,
598 2513 631 2574 et
650 2528 731 2591 eam,
751 2526 847 2589 quam
868 2509 1026 2575 obiectum
1048 2510 1080 2574 in
1103 2511 1236 2576 verbum
1259 2527 1349 2575 exer·

194 2607 256 2686 cet,
279 2606 434 2672 rationem
457 2605 617 2675 inversam
636 2607 853 2686 intercedere,
882 2606 929 2672 ita
951 2613 988 2671 ut
1010 2623 1072 2687 quo
1103 2607 1206 2690 magis
1228 2606 1350 2689 perspi-

193 2721 255 2769 cua
270 2703 374 2770 altera
396 2703 521 2784 evadat,
545 2721 582 2770 co
605 2704 708 2786 magis
731 2704 836 2770 altera
857 2705 988 2770 recedat
1009 2721 1068 2769 nec
1086 2710 1194 2770 tamen
1216 2723 1348 2786 prorsus

192 2799 327 2866 tollatur
350 2804 384 2865 et
406 2806 585 2881 evanescat,
609 2817 801 2882 quamquam
817 2798 1036 2878 difficillimum
1059 2807 1109 2866 est
1130 2807 1237 2868 certos
1259 2804 1350 2884 quasi

192 2897 252 2964 hac
274 2897 307 2960 in
330 2916 366 2962 re
385 2895 464 2962 fines
487 2902 520 2964 et
541 2897 659 2964 limites
681 2916 814 2980 ponere,
844 2899 992 2979 quoniam
1016 2899 1170 2964 transitus
1192 2918 1255 2966 non
1278 2919 1349 2981 per·

192 2993 356 3074 cipiantur
385 2997 418 3060 et
447 2995 596 3062 continua
624 2995 724 3062 series
753 2995 921 3076 utriusque
949 3001 1000 3062 est
1025 2997 1216 3062 inerementi
1242 3003 1275 3063 et
1296 2998 1351 3065 de·

193 3091 388 3158 minutionis.

279 3188 372 3266 Quod
395 3189 423 3254 si
444 3189 582 3271 primum
605 3192 670 3257 vim
692 3195 892 3272 spectamus,
927 3207 1021 3270 quam
1044 3192 1178 3255 verbum
1199 3190 1298 3256 habet
1319 3192 1351 3256 in

194 3288 363 3366 obiectum,
398 3287 579 3368 quaeritur,
607 3305 689 3369 quae
710 3288 793 3352 ratio
813 3288 994 3354 intercedat
1015 3288 1100 3354 inter
1118 3289 1295 3356 subiectum
1320 3295 1352 3352 et

195 3383 354 3451 obiectum
384 3389 475 3448 extra
496 3385 657 3452 actionem
679 3385 748 3450 eius
771 3385 996 3464 procedentem
1018 3386 1168 3466 positum.
1206 3385 1276 3452 lam
1298 3405 1350 3452 su·

194 3501 254 3564 pra
269 3483 390 3547 dietum
411 3487 470 3562 est,
494 3483 653 3550 obiectum
676 3483 764 3563 tangi
787 3483 959 3548 etiamnum
983 3483 1014 3546 vi
1035 3484 1170 3548 aetionis
1192 3481 1349 3558 adfinem

196 3581 371 3662 perductae
394 3583 427 3643 et
450 3579 643 3660 explicatae,
668 3585 701 3646 ct
722 3597 914 3662 quamquam
936 3579 1015 3645 haec
1037 3581 1084 3648 vis
1107 3582 1268 3648 obiectum
1289 3600 1352 3646 non

193 3679 273 3756 iam,
302 3675 567 3756 quemadmodum
590 3679 825 3760 accusativum,
848 3677 1071 3758 complectitur
1092 3685 1125 3746 et
1147 3679 1353 3759 comprehen-

197 3776 253 3854 dit,
277 3779 384 3839 tamen
408 3771 572 3853 exaltare
594 3780 686 3854 parte
708 3772 777 3841 fieri
799 3793 862 3862 non
883 3780 1005 3856 potest,
1041 3781 1078 3842 ut
1100 3777 1236 3842 subiecti
1258 3776 1352 3856 plane

198 3871 277 3939 nihil
299 3870 435 3948 intersit,
458 3871 553 3952 quale
577 3870 738 3940 obiectum
760 3873 811 3956 sit,
834 3874 931 3938 immo
955 3892 992 3939 eo
1014 3875 1118 3956 magis
1134 3874 1202 3940 eius
1217 3874 1277 3940 hoc
1300 3877 1352 3940 in·

197 4057 222 4222 Q·
269 4085 302 4222 ”tt
324 4085 652 4220 Similitcr2grincipalem
673 4085 759 4144 dativi
777 4086 1003 4158 significationem
1027 4089 1171 4147 constituit
1195 4091 1358 4160 Madvigius,

224 4181 429 4238 ematuapanp.
484 4205 491 4220 .
