3058 4766
183 252 242 308 122
375 291 377 296 ,
609 242 765 282 SUBSTAN'P.
780 241 844 281 GAP.
858 241 900 280 111.

184 419 253 478 hum
276 447 320 458 -
339 416 427 476 ιιιΙειι
446 415 554 487 offleii
575 415 673 474 minis.
710 413 806 480 Poen.
830 414 868 494 V,
897 419 927 492 5,
954 417 1007 476 16:
1029 415 1247 489 Propemodum
1267 414 1340 474 istoc

182 516 328 575 obsonare
358 512 513 588 prandium
545 517 651 586 potero
679 515 760 573 mihi.
805 510 920 576 Pseud.
948 509 975 589 I,
1003 513 1033 587 2,
1063 513 1117 573 36:
1151 519 1185 570 ιιι
1209 513 1336 585 piscium

183 611 326 686 quidquid
352 611 424 670 ihist
444 610 543 683 pretio
558 610 750 682 precam.
794 608 888 673 Most.
911 606 971 685 HI,
1001 612 1028 684 1,
1058 611 1133 669 114:
1168 609 1251 683 quid,
1285 625 1338 670 eas

183 709 287 782 quanti
309 706 460 768 destinati
504 703 569 768 TR.
604 708 738 767 Talentis
758 709 876 781 mayrois
899 705 1031 773 modom,
1065 711 1137 780 quot
1163 723 1218 780 ego
1248 712 1279 765 ct
1305 712 1339 766 tu

182 823 291 865 sumus.
319 800 414 881 Epid.
431 800 518 880 11,2,
538 807 615 865 111:
637 805 685 865 Ad
707 805 904 880 quadraginta
925 803 1055 863 fortasse
1080 819 1146 862 eam
1167 820 1257 876 posse
1280 804 1339 862 emi

182 902 313 962 nrimmro
334 901 432 960 minis.
466 898 554 963 Asin.
566 898 592 978 1,
606 903 636 978 3,
652 903 707 962 46:
731 903 818 962 Diem
842 918 948 976 squam
971 902 1064 960 solem
1086 903 1188 959 lunam
1209 906 1338 972 noctem,

182 999 257 1060 haec
280 1002 400 1072 arrecto
428 1015 488 1058 nou
515 1015 586 1058 emo.
630 996 697 1060 Mil.
721 995 764 1075 H,
789 1003 818 1076 3,
841 1001 896 1060 45:
930 999 998 1058 Non
1026 1014 1081 1072 ego
1111 1003 1191 1056 tuam
1218 999 1339 1070 empore

183 1098 272 1156 vitam
293 1095 402 1155 masso
423 1112 496 1155 rmee
519 1093 577 1166 (sio
592 1111 654 1158 sec.
670 1092 813 1158 Lindem.
829 1091 1047 1167 Ritsohelius).
1085 1091 1204 1157 Pseud.
1219 1096 1338 1155 u877:
1384 1141 1394 1152 .

183 1193 293 1268 Quanti
314 1224 357 1236 --
379 1195 420 1250 mi
442 1194 596 1267 coquitare
619 1191 788 1267 perduces?
810 1223 854 1234 -
876 1189 940 1254 00.
973 1192 1005 1251 Si
1026 1192 1133 1264 credis,
1157 1204 1289 1250 nummo:
1313 1193 1339 1252 si

184 1309 257 1363 non,
291 1306 328 1349 ne
352 1289 436 1348 mino
458 1290 586 1364 quidem.
630 1287 713 1352 Meu.
736 1287 779 1366 ΙΙ,
809 1291 838 1368 2,
865 1292 904 1350 15
932 1303 992 1366 sq:
1026 1291 1132 1362 quiores
1158 1289 1207 1348 hio
1231 1291 1340 1361 pretiis

180 1387 267 1462 porei
287 1392 435 1446 vaeneunt
457 1387 571 1478 Saores¹
588 1387 719 1446 sinceri?
757 1384 818 1449 ΟΥ.
842 1387 989 1446 Nemmio.
1026 1383 1065 1463 V,
1090 1391 1119 1463 9,
1144 1389 1200 1450 97:
1233 1389 1341 1449 Vocci-

183 1489 262 1553 huat,
285 1487 387 1561 quiqui
409 1484 551 1556 licebant,
569 1486 723 1557 praesenti
738 1484 878 1558 paeanio.
917 1480 1006 1546 Pers.
1022 1481 1082 1560 ΙΙΙ,
1100 1487 1129 1562 3,
1146 1487 1201 1548 24;
1226 1487 1340 1546 Eodem

183 1585 255 1642 mihi
273 1583 370 1655 pretio
392 1584 437 1658 sal
457 1581 653 1654 praehibetur
675 1600 732 1654 qao
754 1583 817 1642 tibi.
850 1579 906 1657 IV,
922 1585 953 1658 4,
972 1583 1047 1642 109:
1070 1583 1121 1654 oei
1143 1583 1240 1656 datur,
1264 1585 1341 1644 tanti

181 1681 289 1739 iudica.
333 1675 389 1755 IV,
411 1681 442 1753 4,
468 1680 544 1739 110:
576 1684 610 1736 ιιι
632 1695 729 1752 emas,
753 1681 829 1738 habe
852 1683 966 1738 centem
987 1680 1085 1742 minis.
1129 1678 1185 1756 IV,
1207 1684 1238 1757 4,
1265 1684 1339 1743 111;

184 1778 351 1851 Octoginta.
394 1771 484 1836 Pers.
507 1791 537 1835 v.
561 1776 638 1836 665:
671 1777 828 1849 serapiaca
856 1778 931 1835 haec
953 1776 1073 1836 dabitur
1102 1780 1220 1853 argenti
1241 1779 1340 1838 minis.

180 1893 209 1936 v.
233 1875 308 1934 668:
332 1873 399 1931 Nou
422 1872 529 1945 edepol
551 1872 642 1932 minis
664 1875 799 1932 trecentis
821 1880 930 1934 carast.
975 1870 1073 1935 Mero.
1088 1870 1132 1952 ΙΙ,
1156 1876 1185 1949 3,
1209 1877 1264 1938 93;
1291 1876 1341 1936 Vi-

180 1972 256 2042 piati
270 1970 360 2028 minis
380 1969 487 2042 opinor
502 1986 591 2042 posse
607 1988 655 2029 me
670 1973 752 2031 illam
768 1973 906 2030 vendere.
941 1967 983 2047 II,
1000 1973 1029 2047 3,
1047 1973 1121 2032 103:
1143 1973 1209 2032 Non
1225 1977 1341 2031 eentum

183 2070 279 2127 datur.
310 2063 353 2143 Π,
369 2069 400 2143 4,
418 2069 469 2127 19:
495 2067 572 2138 Quid
587 2070 686 2142 potius
702 2086 789 2144 quem
805 2085 880 2128 uero
896 2068 1068 2142 expendas?
1097 2065 1265 2131 Pertiuent
1276 2067 1340 2131 huc

183 2164 279 2228 eciam
302 2162 324 2226 ii
345 2160 429 2246 loci,
455 2178 535 2240 quos
557 2166 585 2236 ᾖ.
609 2167 647 2226 19
675 2163 785 2240 attuli,
820 2163 874 2228 ubi
896 2162 958 2227 abl.
978 2163 1074 2242 pretii
1094 2181 1165 2227 cum
1188 2164 1339 2229 adverbio

183 2267 287 2322 eontra
314 2259 502 2323 coniunctus
531 2265 589 2324 est.
634 2260 760 2324 Terent.
784 2259 917 2340 Adelph.
941 2259 985 2338 ΙΙ,
1013 2264 1042 2340 2,
1073 2265 1129 2324 11;
1162 2265 1228 2338 Ego
1256 2282 1340 2339 spem

179 2361 275 2433 pretio
297 2377 356 2419 non
379 2375 453 2417 emo.
497 2356 579 2420 Eun.
595 2356 621 2434 I,
641 2363 668 2436 l,
686 2361 725 2421 29
743 2375 802 2436 sq:
829 2361 906 2433 Quid
926 2359 1016 2434 agas?
1037 2361 1094 2420 nisi
1117 2371 1150 2420 uc
1166 2369 1196 2420 te
1211 2362 1342 2420 redimas

182 2465 301 2532 captum
325 2473 412 2530 quam
435 2472 527 2528 queas
542 2456 697 2516 Minomo:
721 2459 745 2516 si
762 2475 892 2531 nequeas
902 2458 1039 2530 paean,
1063 2465 1094 2516 st
1115 2461 1218 2532 quanti
1239 2476 1340 2534 queas.

272 2557 321 2616 32.
356 2569 381 2614 o.
403 2551 565 2611 Ariadnes
587 2554 715 2616 habitos.
760 2551 833 2617 Huc
855 2552 1016 2636 periment
1037 2554 1144 2626 diones
1171 2558 1205 2616 et
1226 2554 1342 2618 similia

183 2647 339 2713 vocabula
362 2665 434 2710 cum
456 2646 596 2712 ablativo
619 2651 736 2714 iuncta.
781 2649 885 2713 Plaut.
909 2647 1022 2727 Amph.
1039 2647 1082 2727 ΙΙ,
1107 2654 1136 2727 2,
1160 2655 1237 2714 228;
1260 2655 1340 2712 Abin

182 2751 251 2809 hino
273 2765 292 2808 a
313 2765 374 2819 me,
408 2748 516 2821 dioran
537 2749 655 2806 domim
678 2749 800 2810 servos?
844 2747 940 2812 Poen.
964 2746 1002 2824 V,
1025 2752 1055 2823 4,
1082 2752 1117 2810 4:
1152 2767 1275 2808 munera
1295 2781 1340 2791 -

182 2847 287 2918 Dique
300 2845 371 2903 divo
385 2845 595 2905 venustissimo
612 2848 731 2906 Venere.
767 2843 856 2908 Pers.
872 2863 901 2906 v.
919 2848 995 2908 681:
1021 2847 1106 2920 Quod
1129 2851 1155 2906 te
1177 2847 1338 2922 diqraemst,

180 2959 226 3014 me
246 2943 369 3016 ιιιριιιιιιι
396 2942 550 3002 essoris?
593 2941 691 3006 Mero.
716 2941 759 3021 II,
788 2947 817 3020 3,
848 2945 902 3005 61:
937 2945 1013 3017 Quia
1043 2947 1121 3004 enim
1148 2961 1207 3004 non
1235 2947 1339 3004 nostro

180 3039 305 3100 formam
328 3040 419 3100 hahet
441 3038 564 3112 dianam
585 3041 677 3100 domo.
722 3038 760 3116 V,
779 3045 809 3117 4,
834 3044 887 3102 17:
909 3043 1023 3117 Quibus
1045 3053 1092 3102 esc
1114 3041 1200 3100 diem
1221 3041 1337 3113 dionae.

180 3133 266 3200 Trin.
289 3133 328 3213 V,
352 3139 381 3212 2,
405 3138 459 3198 29:
494 3138 561 3197 Non
590 3155 645 3212 ego
667 3157 731 3198 sum
761 3139 857 3197 eohric
883 3138 1013 3210 dionae?
1057 3135 1154 3201 Poen.
1177 3135 1202 3215 Ι,
1227 3141 1256 3214 2,
1279 3139 1337 3199 45:

180 3234 267 3292 Diem
293 3268 331 3278 -
355 3233 479 3306 dionem
505 3237 615 3297 Venere
637 3239 688 3310 pol
712 3233 771 3310 (sio
785 3233 895 3298 Herm.
912 3233 1002 3298 elem.
1019 3233 1049 3297 d.
1066 3251 1107 3297 m.
1123 3252 1152 3315 p.
1171 3239 1243 3313 297,
1266 3251 1338 3298 ver-

179 3345 234 3392 sus
257 3334 308 3392 est
328 3327 532 3409 haoohieeus,
556 3330 652 3411 vulgo
671 3332 801 3408 Veneri).
836 3330 932 3396 Poen.
948 3330 987 3410 V,
1004 3335 1033 3405 3,
1050 3335 1105 3395 21:
1129 3337 1336 3408 necarentque

178 3427 335 3500 racionem
356 3444 463 3501 oenoe
478 3437 640 3504 ,quaestum
663 3449 798 3506 corpore.
844 3428 960 3494 Bacch.
983 3428 1043 3509 III,
1068 3436 1096 3509 3,
1120 3434 1178 3494 84:
1201 3433 1271 3492 Plus
1293 3431 1336 3491 vi-

181 3525 289 3586 dissem
319 3523 435 3600 [miser]
466 3529 571 3600 opinor
599 3545 686 3603 quam
713 3537 870 3604 meatque
900 3529 956 3588 ilio
978 3547 1100 3602 aequom
1121 3529 1210 3590 foret.
1255 3525 1335 3590 Rud.

179 3620 259 3700 prol.
282 3638 312 3684 v.
328 3625 386 3684 47:
408 3625 438 3684 Is
460 3626 539 3699 leno,
562 3634 596 3686 ιιι
614 3643 645 3686 ae
666 3634 827 3701 aequomst,
850 3625 937 3688 flocci
959 3646 1018 3688 non
1041 3625 1114 3688 iecit
1136 3627 1234 3688 fidem.
1268 3621 1335 3686 Mil.

180 3716 240 3796 III,
265 3723 293 3797 l,
316 3722 371 3782 25:
406 3739 502 3796 neque
526 3726 553 3780 te
573 3723 680 3782 deeora
699 3743 795 3801 neque
818 3726 1158 3786 coronamento
1181 3732 1336 3798 expetere,

176 3834 206 3880 v.
234 3815 345 3882 Lamb.
366 3815 454 3880 Asin.
477 3816 537 3896 ΙΙΙ,
561 3822 590 3896 2,
613 3823 670 3884 31:
692 3824 734 3883 Ut
755 3839 858 3898 meque
880 3827 964 3898 teque
987 3841 1122 3884 maxume
1144 3829 1234 3896 atque
1255 3821 1337 3894 iape-

177 3916 228 3973 nio
248 3921 349 3976 aestro
371 3915 475 3976 decoci
518 3914 559 3979 H.
574 3915 595 3980 l.
610 3915 852 3982 Ruddimaunus
866 3916 909 3997 II,
922 3937 962 3998 .p.
980 3923 1041 3982 207
1064 3923 1097 3982 et
1112 3916 1335 3984 Schmiederus

178 4009 362 4074 dubitanter
383 4031 429 4076 me
451 4016 484 4077 et
506 4018 533 4072 ce
555 4013 716 4093 accipiunt
737 4033 795 4094 pro
826 4015 1032 4093 accusativis,
1067 4020 1104 4083 ιιι
1128 4019 1260 4092 uterque
1284 4032 1336 4078 ca·

178 4126 246 4186 sus,
281 4126 345 4174 acc.
369 4114 402 4175 et
424 4109 551 4175 dativus
572 4109 603 4173 h.
625 4109 645 4174 l.
668 4111 785 4176 mixtus
809 4112 865 4190 sit,
894 4112 1024 4190 melius,
1053 4111 1182 4191 opinor,
1213 4110 1335 4174 Peneus

178 4205 210 4268 iu
225 4205 287 4270 lex.
304 4207 373 4271 crit.
395 4225 426 4286 p.
444 4210 506 4272 316
528 4214 676 4287 unoque,
700 4215 732 4273 et
753 4230 799 4271 me
822 4213 854 4274 et
876 4216 911 4279 te,
934 4213 967 4272 et
988 4212 1106 4282 inperio
1126 4215 1226 4270 eosne
1245 4206 1336 4274 abla-
