3070 4758
140 269 142 274 Α
200 205 267 266 m
629 193 782 238 themu.
800 193 864 236 Μ.
877 193 920 237 itt.

204 366 383 438 aeuus-tr.
407 373 441 436 iz
464 371 547 436 tlibil
567 369 635 432 iore
654 369 747 444 opino
766 372 849 434 inter
869 385 916 432 me
939 377 1028 445 atque
1049 353 1144 430 illum.
1183 364 1361 448 Hypoboli-

201 468 541 540 aueuiiuetrariair.
558 480 592 542 3:
614 479 680 544 Hos
701 470 873 549 singulatim
895 485 1012 544 sapere,
1035 485 1091 528 uos
1101 469 1197 528 minuas
1217 467 1358 528 arbitror.

202 565 379 647 Ennmius:
402 571 476 632 Tum
497 575 634 650 equidem
656 577 687 636 in
710 577 833 634 senecta
855 568 912 626 hoe
928 567 1039 642 deputo
1054 565 1261 637 miserrimum,
1284 564 1363 624 ses..

202 667 262 730 tire
284 684 322 730 oa
344 673 443 732 aetate
470 671 576 746 ipsum·
590 690 658 734 esse
688 671 823 732 odiosum
845 665 943 726 alteri.
988 659 1131 726 Plocium
1151 655 1190 722 ir.
1216 662 1271 722 15:
1314 662 1360 722 Tu

203 781 313 828 aarum
332 782 391 826 uon
414 769 458 830 ris
481 770 614 832 odiosum
643 770 699 835 tibi
721 783 787 828 esse
810 761 876 824 -i
920 757 1060 824 Fallacia
1081 755 1118 821 ir.
1143 762 1178 820 5:
1214 759 1273 820 nisi
1295 760 1359 834 qni-

205 861 272 922 uem
296 863 347 936 qui
367 880 401 924 se
424 867 509 928 molit
536 869 680 944 pugnitus
714 880 833 940 pessum
867 859 942 920 dari.
986 855 1229 934 Harpazomene
1264 852 1303 918 fr.
1325 857 1360 918 2:

203 959 282 1027 tune
305 962 413 1023 celtum
440 964 509 1026 ludo
535 965 670 1040 praesidi
697 962 779 1023 iubet
822 955 958 1038 Hymnis
991 953 1030 1018 ir.
1053 958 1089 1018 8:
1133 963 1164 1014 ts
1191 954 1359 1014 inriderier.

207 1052 481 1134 Hypobolimaous
502 1057 670 1124 Rastrmia
689 1055 729 1122 ir.
750 1062 787 1120 4:
808 1057 928 1118 Robore
952 1071 984 1115 se
1007 1055 1058 1114 ait.
1102 1047 1245 1115 Plocium
1267 1047 1306 1113 fr.
1333 1054 1361 1128 1,

196 1169 234 1221 i.
260 1157 338 1217 149:
362 1157 410 1218 Ea
428 1175 477 1218 me
501 1160 577 1218 olam
600 1175 632 1219 se
656 1173 721 1218 eum
744 1172 812 1216 roes
835 1154 946 1214 aneilla
967 1153 1011 1212 ait
1032 1158 1216 1212 consuetum.
1238 1165 1266 1208 v.
1284 1149 1361 1210 143:

203 1250 230 1310 F
231 1267 299 1318 erre
322 1251 367 1314 ita
387 1269 435 1314 me
457 1271 532 1316 uror
554 1263 587 1316 et
607 1255 704 1316 torma
725 1260 757 1314 et
777 1251 867 1312 laetis
886 1251 969 1310 tacit.
993 1246 1214 1327 synaristosae
1235 1263 1264 1309 v.
1281 1249 1361 1309 197:

198 1349 487 1423 ,monuissemus
515 1369 546 1412 so
577 1369 613 1412 ex
634 1353 753 1427 tegnlis.
797 1343 993 1425 Triumphus
1027 1340 1066 1407 fr.
1089 1347 1125 1406 2:
1168 1345 1255 1404 Nune
1277 1359 1361 1405 meae

205 1445 351 1520 marium,
379 1448 509 1522 Asturia,
539 1456 569 1510 te
592 1468 665 1524 opus
688 1457 736 1511 est
757 1445 985 1509 subcenturiati.
1032 1439 1243 1520 Androgynos
1264 1437 1303 1503 ir.
1326 1443 1360 1502 2:

206 1544 390 1616 matoneum
427 1547 495 1606 med
531 1547 691 1621 oportebat
725 1546 819 1620 prius.
865 1541 930 1606 Ine.
953 1537 1016 1604 iub.
1038 1537 1151 1618 fragm.
1178 1541 1231 1604 15:
1275 1540 1362 1599 deum

206 1635 384 1715 (Amorem)
409 1645 460 1718 qui
481 1661 541 1704 nou
564 1661 707 1704 summum
729 1647 831 1718 putet,
862 1646 924 1702 Aut
944 1640 1069 1700 stultum
1095 1645 1147 1698 aut
1175 1655 1274 1698 rerum
1303 1653 1364 1696 esse

211 1733 372 1808 watra
394 1741 581 1801 mistionem:
627 1741 718 1802 Cuius
743 1742 774 1800 in
802 1755 891 1800 menn
919 1740 973 1811 sit,
1008 1753 1094 1808 quem
1118 1752 1178 1795 esse
1204 1735 1364 1794 dementem

199 1834 288 1906 suu,
310 1837 404 1911 Quen
423 1853 536 1912 mpure,
557 1855 644 1912 quern
663 1839 778 1906 serrari,
798 1852 884 1910 quem
903 1836 935 1896 in
950 1835 1083 1896 morbum
1105 1833 1181 1906 iujai
1273 1832 1365 1907 Quem

212 1937 320 1992 reuma
334 1935 442 2002 amari,
463 1952 548 2008 quem
560 1937 664 2009 expeti,
685 1953 770 2008 quem
784 1934 937 1996 arcessire.
963 1929 1091 1994 Terent.
1112 1926 1248 2007 Adelph.
1264 1926 1320 2007 IV,
1335 1933 1366 2007 4,

210 2029 248 2090 9:
271 2029 410 2092 Sostrate
432 2034 539 2107 credit,
561 2034 634 2093 mihi
655 2051 702 2094 me
723 2033 879 2109 psaltriam
901 2032 979 2090 hune
1001 2031 1119 2090 emisse.
1147 2026 1246 2090 Andr.
1269 2025 1312 2103 ΙΙ,
1337 2029 1367 2104 3,

199 2128 265 2191 ul:
308 2127 384 2190 Nam
402 2131 560 2203 pollicitus
580 2147 644 2190 snm
667 2137 883 2204 suscepturum.
930 2122 1063 2204 Adelph.
1087 2122 1126 2202 V,
1149 2129 1259 2203 4,·25:
1297 2128 1365 2202 Ego

198 2240 324 2298 ‚eumue
347 2242 366 2286 a
386 2227 461 2286 meis
483 2243 529 2287 me
551 2227 650 2286 amari
672 2234 704 2286 et
722 2227 821 2302 magni
837 2224 930 2299 pendi
946 2224 1072 2299 postulo.
1117 2219 1160 2301 ΙΙ,
1187 2229 1214 2298 1,
1235 2227 1292 2286 46:
1319 2224 1365 2284 Ob

208 2320 371 2386 malefacto
393 2324 468 2386 bace
491 2326 634 2387 tantidem
658 2333 788 2400 emptam
811 2325 946 2398 postulat
967 2323 1022 2382 sibi
1045 2322 1167 2380 tradior.
1204 2319 1281 2386 Hec.
1304 2319 1361 2398 IV,

215 2421 243 2493 Ι,
264 2423 321 2482 47:
347 2421 438 2494 Quam
461 2425 564 2484 obrem
589 2423 811 2488 incenderim,
834 2436 900 2480 esse
923 2435 1024 2478 ausam
1047 2417 1147 2479 lucere
1169 2420 1244 2478 haee
1264 2427 1294 2478 te
1312 2421 1361 2484 in-

205 2515 292 2579 iussu
311 2535 387 2578 meo.
424 2518 522 2581 Andr.
544 2517 600 2596 IV,
624 2523 653 2596 5,
676 2523 713 2580 2:
741 2521 824 2592 Quae
846 2534 912 2578 seso
935 2517 1093 2576 inhoneste
1116 2517 1232 2590 optarit
1252 2533 1361 2591 parere

209 2612 261 2678 ite
282 2613 382 2680 diuus
424 2614 521 2680 Andr.
544 2615 570 2693 Ι,
593 2620 623 2690 2,
645 2619 705 2679 32:
750 2617 853 2678 Ubiris
875 2613 994 2674 facilius
1015 2631 1122 2687 passus
1143 2615 1198 2674 sim
1221 2630 1309 2688 qnam
1330 2615 1362 2672 iu

199 2709 265 2773 Atto
287 2729 321 2772 re
343 2729 390 2774 me
413 2714 557 2776 deludier.
601 2711 699 2776 Andr.
723 2711 749 2792 1,
782 2717 810 2786 5,
835 2715 874 2776 39
896 2727 961 2789 sq.:
1004 2713 1084 2770 Bene
1112 2716 1143 2770 et
1165 2711 1272 2784 pudice
1296 2713 1360 2770 eius

209 2806 328 2870 (loetum
351 2817 441 2885 atque
470 2811 608 2872 eductum
637 2813 731 2872 sinam
759 2811 901 2871 Oouetum
931 2814 1064 2884 egestate
1092 2809 1241 2882 ingenium
1264 2810 1358 2867 inmu-

204 2906 323 2972 ittiet?
367 2905 501 2986 Adelph.
525 2906 550 2985 1,
574 2912 603 2986 2,
628 2911 681 2971 17:
705 2917 735 2968 te
757 2910 841 2969 illum
864 2906 1015 2980 eorrumpi
1037 2905 1119 2964 sinis.
1155 2921 1182 2968 v.
1206 2907 1261 2968 24:
1294 2907 1362 2966 Non

208 3003 262 3071 siit
283 3013 402 3078 egestu
423 3004 525 3068 faeere
548 3025 612 3068 nos.
657 3023 686 3069 v.
710 3009 750 3068 27
773 3019 836 3082 sep:
879 3009 910 3064 et
931 3005 1015 3064 ilium
1042 3008 1074 3062 tu
1096 3005 1193 3076 tuom,
1231 3003 1257 3063 si
1279 3021 1363 3064 esses

207 3101 308 3175 berno
333 3100 454 3166 Sineres
475 3122 553 3164 nune
576 3104 683 3176 faeere.
712 3099 811 3164 Andr.
832 3099 858 3178 1,
883 3105 911 3177 1,
939 3102 1011 3162 126:
1034 3101 1104 3160 Sino
1127 3117 1205 3160 nuno
1227 3119 1294 3162 meo
1316 3118 1363 3162 me

211 3198 313 3260 virere
334 3200 453 3260 interea
474 3202 571 3263 modo.
596 3197 728 3278 Adelph.
750 3197 811 3274 111,
832 3203 863 3274 4,
889 3201 940 3260 14:
964 3198 1086 3258 Salvere
1108 3199 1273 3273 Hegionem
1294 3199 1362 3274 plu·

128 3375 130 3378 ,
213 3311 328 3364 mitum
350 3297 451 3371 Iubeo,
474 3315 502 3361 v.
527 3301 641 3364 Donat.
669 3297 747 3362 Hee.
770 3294 810 3368 V,
835 3300 862 3372 1,
886 3300 918 3358 7;
941 3300 1125 3371 quapropter
1147 3302 1177 3355 te
1204 3297 1261 3356 huc
1281 3295 1364 3370 ieras

203 3407 335 3466 ΜΝ
356 3397 581 3458 commorasse.
612 3394 710 3458 Andr.
731 3393 758 3472 Ι,
781 3399 810 3472 2,
833 3397 888 3456 34:
911 3411 1009 3468 nequa
1032 3399 1063 3452 tu
1086 3393 1166 3453 hand
1185 3394 1279 3467 diens,
1304 3395 1362 3454 tibi

207 3507 270 3560 uon
292 3494 489 3567 praedictum,
511 3510 554 3556 so.
571 3511 645 3556 esse
682 3490 797 3569 (Rudd.
820 3508 850 3569 p.
872 3492 946 3567 228,
968 3488 1075 3552 adnot.
1101 3489 1144 3564 i).
1179 3487 1276 3552 Andr.
1305 3488 1363 3570 IV,

212 3591 319 3662 1‚37:
343 3608 500 3666 numqmm
523 3593 641 3652 destitit
662 3594 790 3664 Instare,
812 3597 845 3648 nt
865 3589 1000 3650 dicerem
1021 3605 1069 3648 me
1092 3589 1251 3648 duoturnm
1271 3589 1363 3662 petri.

207 3682 309 3751 Andr.
331 3683 374 3763 ΙΙ,
397 3690 428 3762 4,
449 3690 485 3750 8:
530 3690 607 3750 site
630 3691 712 3750 dioes
735 3690 857 3750 dneere.
899 3683 998 3748 Andr.
1027 3683 1088 3762 ΙΙΙ,
1118 3689 1148 3762 5,
1172 3688 1219 3748 er
1256 3687 1364 3746 Diuum

207 3783 390 3858 aliquidne
412 3786 609 3849 inventurum.
640 3783 738 3850 Andr.
760 3782 821 3860 ΙΙΙ,
843 3786 874 3861 5,
902 3786 955 3846 15;
976 3785 1026 3846 An
1048 3802 1107 3846 nou
1130 3785 1193 3845 dixi
1214 3783 1362 3845 meamhoc

210 3879 365 3941 tutorum?
409 3879 508 3946 Andr.
530 3880 609 3960 1,,5,
634 3887 668 3948 3:
712 3885 842 3946 Umorem
864 3881 1181 3946 demonstraremus
1201 3879 1363 3942 millenia

204 3973 288 4040 Aac.
313 3976 369 4057 IV,
392 3982 422 4057 2,
448 3983 502 4044 10:
521 3983 588 4057 Ego
610 3981 1009 4047 multimammiam
1029 3987 1081 4040 tuo
1103 3994 1150 4038 me
1171 3974 1259 4052 [ossa]
1274 3984 1365 4038 noerio

208 4075 329 4144 mermi.
345 4085 443 4152 patre.
474 4075 553 4142 Ideo.
577 4075 602 4154 1,
619 4081 656 4154 n,
680 4082 734 4140 te:
760 4078 822 4140 Sed
842 4095 929 4152 auam
953 4077 1170 4138 decrerimrme
1191 4090 1364 4148 norpomp

212 4173 323 4238 diutins
336 4175 474 4244 ,Habere
498 4173 577 4240 Heu.
599 4172 625 4252 Ι,
650 4178 679 4251 2,
705 4178 790 4238 intr.
806 4191 875 4236 nam
889 4175 1038 4236 eonmitm'
1058 4173 1366 4246 sumendorum
