3004 4764
496 254 538 294 111.
565 254 722 296 PRONOHEN
738 253 913 296 autumnum.
1221 264 1261 322 37
1265 266 1282 322 9

130 431 165 504 4,
204 429 257 490 30:
317 428 389 488 mihi
422 431 588 491 concubina
616 445 692 504 quac
725 432 772 490 sit.
817 428 905 494 Polu.
940 427 1003 508 III,
1041 433 1075 508 5,
1108 431 1162 491 281
1212 430 1288 490 Eum

131 528 322 600 adlegarunt,
361 545 443 588 suom
476 529 528 600 qui
564 545 680 590 servom
716 528 825 588 diceret
851 529 924 590 Cum
950 546 1022 590 euro
1042 545 1108 588 esse
1131 527 1210 602 apud
1232 545 1287 586 me.

130 621 225 704 Epid.
248 621 311 700 ΠΙ,
343 627 375 699 3,
407 628 460 688 371
497 627 758 686 conductamesse
783 627 1034 704 cumpunctio
1057 625 1288 686 administraret.

129 719 213 786 Rud.
242 719 322 800 prol.
352 738 380 784 v.
412 725 551 784 10-121
588 726 618 785 11
645 742 699 784 uos
726 742 782 798 per
808 726 906 800 gentis
937 721 1011 800 [bic]
1034 725 1124 783 alium
1147 724 1207 783 alia
1229 721 1288 782 dis·

130 825 234 896 perat,
265 819 420 880 Hominem
443 821 494 893 put
516 819 611 895 facta,
640 839 751 898 mores,
782 824 925 896 pietatem
948 828 979 881 et
1004 821 1092 882 fidam
1114 821 1287 880 Noscamus.

132 914 247 996 Amph.
272 913 297 994 Ι,
325 920 349 994 1,
376 919 449 980 184:
481 925 624 979 certumst
647 951 688 960 —
711 920 859 980 hominem
882 951 922 962 —
946 919 1075 995 adloqui,
1097 918 1156 995 Qui
1177 918 1289 994 possim

133 1015 229 1078 videri
262 1016 330 1076 huic
359 1015 455 1078 fortis.
500 1012 593 1081 Truc.
624 1013 668 1094 V,
699 1034 728 1081 v.
762 1021 815 1081 171
854 1019 957 1092 accipe
988 1018 1095 1089 hocce,
1129 1017 1181 1088 pua·
1209 1018 1287 1076 istuc

133 1112 252 1172 ecficias
276 1131 357 1188 opus.
403 1111 487 1176 Trin.
509 1110 589 1194 prol.
610 1130 639 1174 v.
665 1115 717 1176 15:
741 1116 819 1175 Dedi
841 1118 869 1175 ei
895 1132 990 1174 meam
1017 1113 1290 1190 metamaucum

12 1253 13 1264 ,
133 1217 297 1288 egestatem
320 1213 435 1288 erigat,
459 1209 500 1274 ad
516 1208 577 1289 pl
600 1209 725 1274 Douza:
760 1213 901 1289 ‚Quicum
923 1214 957 1274 et
975 1228 1100 1284 quocum
1118 1214 1290 1289 utrumque

12 1373 13 1376 ,
135 1305 366 1383 indeclinabile,
389 1311 455 1370 tam
478 1305 594 1388 plurali
617 1323 712 1386 quam
735 1308 889 1390 singulari
910 1326 1051 1388 numero,
1075 1306 1205 1372 ablativi
1221 1305 1289 1370 loco

12 1465 13 1472 ,
132 1404 272 1487 positum
314 1404 521 1484 omnibusque
552 1405 630 1468 adeo
663 1407 834 1486 generibus
855 1399 1030 1487 ἀδιαᾳόρως
1057 1400 1288 1478 accommodari

132 1508 257 1585 potest,
294 1502 340 1567 illi
362 1507 470 1568 autem
492 1508 625 1582 peccant
645 1502 792 1585 largiter,
830 1503 885 1583 qui
913 1520 970 1583 pro
992 1505 1111 1577 quicum
1133 1517 1289 1580 usurpare

11 1649 13 1662 .
134 1604 307 1678 quibuscum
346 1600 397 1666 vel
433 1600 530 1664 etiam
567 1604 715 1676 nusiacum
751 1602 784 1666 in
819 1599 996 1680 pluralibus
1033 1599 1149 1664 dativis
1190 1594 1290 1662 ausi.“

135 1699 205 1765 Aul.
235 1699 282 1778 ΙΙ,
311 1704 347 1777 2,
379 1703 434 1763 611
465 1701 538 1760 nihil
562 1707 608 1762 est
630 1702 707 1762 detis
730 1702 809 1774 cuod
830 1702 895 1761 dem
917 1697 975 1776 (sic
999 1695 1094 1779 Apg).
1139 1696 1210 1760 Aul.
1234 1695 1289 1775 lv,

11 1853 12 1858 ,
136 1802 185 1876 10,
223 1801 256 1862 6:
293 1799 363 1875 quid
386 1817 440 1875 ege
462 1801 556 1858 merui
578 1799 613 1858 de
638 1799 702 1876 ted,
748 1800 938 1874 adulescens,
977 1800 1061 1872 mali,
1099 1797 1291 1871 quomobrem

134 1899 177 1957 ita
211 1896 327 1958 laceres
361 1914 465 1971 meque
493 1914 632 1971 meosque
658 1898 808 1972 perditum
837 1900 897 1958 ires
924 1897 1058 1958 liberos?
1108 1889 1221 1972 Amph.
1252 1889 1289 1970 V,

134 1998 164 2071 2,
188 1998 241 2057 121
264 1997 322 2055 hau
345 1996 510 2069 promeruit
531 2010 621 2068 quom
643 1996 680 2056 ob
702 2012 765 2054 rem
787 1996 859 2054 vitio
882 2002 1023 2055 verteres.
1047 1989 1135 2055 Asin.
1151 1989 1177 2068 I,
1196 1994 1222 2065 1,
1239 1991 1288 2052 651

133 2095 316 2156 Praesertim
339 2110 426 2167 quom
449 2094 475 2152 is
497 2109 543 2152 me
567 2094 686 2169 dignum
708 2093 777 2165 uuor?
799 2092 994 2153 concrederet
1017 2093 1136 2152 Habuit.
1165 2087 1289 2151 Terent.

131 2191 213 2255 Eun.
238 2188 276 2269 V,
300 2193 329 2268 2,
354 2192 407 2251 26:
430 2191 462 2250 Si
485 2208 538 2266 ego
562 2191 650 2264 digua
671 2191 726 2250 hac
751 2192 930 2250 contumelia
951 2189 1021 2249 Sum
1043 2205 1187 2260 maxuma,
1212 2196 1242 2245 at
1258 2192 1290 2244 tu

68 2344 73 2352 .
134 2290 271 2364 indignus
298 2288 350 2360 qua?
379 2286 496 2348 laceres
523 2295 630 2350 tamen.
667 2286 763 2350 Andr.
793 2285 853 2364 lv,
882 2291 916 2362 4,
945 2289 996 2348 19:
1029 2287 1134 2347 Adeon
1156 2286 1290 2345 videmur

134 2388 216 2447 vobis
239 2388 348 2458 idonei,
371 2386 405 2445 Iu
428 2385 533 2457 qulbus
556 2388 598 2445 sic
621 2384 781 2445 inludatis?
804 2383 901 2448 Andr.
925 2382 966 2461 II,
991 2387 1019 2460 1,
1043 2386 1145 2461 34sq.:
1170 2380 1289 2440 Efficite

134 2484 186 2556 qut
209 2484 295 2542 detur
320 2483 388 2558 tibi;
420 2484 486 2556 Ego
508 2483 539 2541 id
562 2500 660 2558 agam,
694 2483 766 2540 mibi
788 2484 839 2555 qua·
860 2501 896 2544 ne
920 2483 1015 2542 detur.
1053 2479 1174 2542 Eodem
1196 2474 1288 2539 modo

136 2595 193 2656 pro
221 2584 256 2640 ut
277 2580 465 2656 usurpatum
486 2582 565 2656 puto
587 2581 640 2653 qut
662 2577 760 2641 Andr.
783 2577 863 2659 prol
886 2597 913 2644 v,
938 2583 1035 2644 5—7:
1065 2581 1141 2640 Nam
1164 2580 1194 2638 in
1219 2595 1289 2652 pro-

133 2679 210 2752 logis
232 2677 397 2737 scribundis
418 2693 540 2750 operam
561 2679 701 2751 abutitur,
724 2681 791 2738 Nou
811 2681 863 2751 uua·
878 2685 1080 2755 argumentum
1096 2683 1212 2746 narret,
1237 2675 1290 2734 sed

134 2775 186 2848 quu'
215 2775 344 2836 malivoli
375 2776 492 2836 Veteris
518 2782 624 2849 poetae
647 2778 814 2838 maledictis
838 2776 1032 2851 respondeat,
1056 2771 1245 2837 dissentiens
1268 2787 1288 2832 a

134 2869 355 2936 Ruddimanno
371 2869 413 2950 ll,
435 2888 466 2950 p.
484 2875 554 2948 346,
575 2871 680 2936 adnot.
697 2876 726 2951 8,
750 2873 805 2952 qni
827 2890 898 2938 cum
914 2869 1136 2935 Westerhovio
1159 2871 1210 2943 uui
1230 2885 1290 2947 pro

134 2974 231 3044 utpote
253 2970 304 3044 uua·
324 2968 463 3048 positum
494 2985 564 3034 esse
588 2974 693 3049 putat,
723 2988 796 3034 nam
822 2970 848 3034 si
870 2967 951 3034 hano
974 2967 1164 3032 sententiam
1185 2966 1288 3030 inesse

134 3064 288 3132 voluisset
310 3070 416 3145 poeta,
439 3066 619 3146 scripsisset
641 3069 693 3142 quu'
714 3088 782 3131 uou.
814 3067 930 3131 Heant.
953 3065 1012 3145 ΙΙΙ,
1038 3071 1065 3140 1,
1087 3069 1142 3130 631
1165 3067 1242 3126 Dum
1258 3066 1288 3124 id

134 3184 253 3244 quaero,
278 3167 332 3226 tibi
354 3167 405 3238 qua·
426 3166 518 3226 lilium
540 3170 730 3228 restituerem
756 3169 812 3244 (=
828 3165 886 3244 ut).
925 3164 1006 3228 Eun.
1028 3162 1089 3244 ΙΙΙ,
1108 3167 1206 3242 1,55:
1230 3167 1288 3224 Par

133 3283 188 3340 pro
209 3266 277 3340 pari
298 3263 411 3324 relerto
433 3266 511 3337 nucu
532 3263 589 3343 (=
604 3269 640 3328 ut
655 3264 725 3340 hoe)
742 3283 807 3325 eam
822 3265 966 3324 mordeat.
982 3260 1037 3340 IV,
1055 3267 1082 3332 7,
1097 3266 1152 3326 401
1177 3279 1287 3338 quaere

134 3363 186 3434 puu'
212 3362 408 3436 respondeat,
438 3359 518 3442 lucus
541 3358 588 3424 111
611 3359 711 3434 einen,
740 3358 790 3424 111
813 3355 859 3422 111
882 3359 1059 3422 1111111111.
1108 3362 1167 3436 Qui
1189 3375 1284 3438 saepe

134 3458 230 3522 etiam
255 3474 314 3538 pro
336 3459 452 3520 utinum
473 3459 612 3538 ponitur,
635 3458 788 3522 utPlaut.
826 3457 910 3522 Men.
933 3455 992 3536 ΙΙΙ,
1018 3463 1046 3538 1,
1070 3462 1102 3520 61
1126 3459 1184 3536 Qua·
1206 3461 1290 3519 illum

135 3557 165 3616 di
189 3575 291 3618 omnes
313 3557 463 3632 perduint,
487 3555 548 3620 vid.
573 3555 710 3621 Gronov.
733 3555 821 3620 Pers.
838 3555 877 3636 V,
893 3560 922 3636 2,
939 3560 972 3618 6:
995 3557 1054 3633 Qui
1070 3559 1153 3616 illum
1169 3559 1290 3616 Persam

136 3661 223 3729 atque
254 3657 348 3716 omnis
376 3657 483 3716 Persas
517 3664 605 3732 atque
632 3659 721 3716 etiam
748 3657 842 3716 omnis
864 3673 1009 3731 personas
1031 3657 1112 3716 Male
1136 3655 1165 3714 di
1188 3671 1288 3715 omnes

134 3754 270 3826 perdant.
315 3749 385 3814 Cas.
413 3749 457 3827 Η,
484 3755 518 3830 4,
556 3757 589 3818 11
617 3755 675 3831 Qui
701 3755 783 3814 illum
813 3755 842 3813 di
869 3769 971 3814 omnes
994 3753 1124 3829 deaeque
1147 3752 1288 3828 perdant!

135 3845 219 3911 Trin.
243 3848 302 3928 IV,
326 3852 359 3928 2,
384 3852 437 3911 781
460 3852 519 3928 Qui
539 3854 628 3913 istum
652 3852 682 3911 di
704 3853 846 3926 perdant,
870 3849 957 3928 adq.
981 3847 1000 3914 l.
1024 3847 1181 3912 Lindem.:
1217 3848 1290 3926 „qui

135 3961 193 4022 pro
223 3953 257 4006 ul
283 3945 469 4025 simpliciter
493 3947 570 4028 poni
598 3945 691 4011 multi
721 3945 781 4012 loci
811 3947 896 4027 apud
924 3946 1073 4011 Plautum
1100 3949 1289 4026 argumento

136 4046 219 4119 sunt,
241 4060 321 4122 quos
345 4043 474 4126 collegit
498 4045 620 4110 Parcus
642 4044 701 4108 lex.
746 4045 849 4110 Plaut.
873 4044 903 4108 h.
925 4062 965 4124 1.,
988 4043 1043 4108 ubi
1065 4049 1173 4108 tamen
1195 4040 1289 4106 multi

135 4139 224 4204 citati
253 4145 340 4222 sunt,
372 4142 426 4222 qui
455 4141 533 4206 nihil
560 4141 787 4207 demonstrant.
838 4142 928 4208 Adde
955 4144 1067 4208 Donat.
1099 4139 1140 4204 ad
1160 4140 1288 4204 Terent.

134 4236 262 4304 Phorm.
289 4245 315 4320 1,
339 4244 369 4320 2,
392 4245 447 4304 731
470 4241 528 4320 Qui
549 4243 632 4302 illum
656 4244 686 4302 di
701 4260 802 4303 omnes
817 4240 988 4318 perduiut“
1011 4239 1116 4304 Etiam
1132 4237 1289 4302 ablativus
