3004 4764
188 291 253 350 m
636 280 764 325 rroaca.
783 279 848 324 cnr.
863 279 901 322 vr.

187 456 231 520 ol
250 453 336 520 ilem
365 453 525 520 obiectum
548 458 709 534 spectent,
741 456 775 522 in
795 452 1012 522 uetustissima
1035 450 1187 532 precandi
1212 449 1354 518 tumus

189 550 276 632 apud
297 550 450 618 Catonem
472 551 510 615 it
533 551 571 616 R.
594 569 619 616 u
646 556 720 617 132:
754 562 851 616 mame
881 555 938 614 hoc
957 555 1046 613 illaec
1067 551 1143 626 ocpe
1170 553 1355 628 polluccnsla

189 657 279 726 esto,
307 650 393 729 quod
412 648 571 728 quomodo
593 647 745 729 explicari
767 650 871 730 possit
891 648 965 714 vids
987 647 1141 714 Hcasimn
1169 646 1210 710 cul
1231 645 1352 728 Reisig.

191 764 222 826 p.
246 749 319 826 376,
340 744 565 812 adnotarat.
609 745 706 810 Aliud
736 750 770 811 et
801 745 977 828 simplicius
1008 749 1072 824 est,
1107 741 1135 809 sl
1157 747 1206 806 tte
1225 745 1277 805 itte
1307 743 1356 808 sic

192 843 439 925 coniungantur,
462 847 499 908 ut
517 846 566 906 lic
580 843 625 909 sit
637 843 827 922 subiectum,
848 843 902 908 ille
917 842 1137 925 praedicatum
1160 840 1355 906 enunciatio-

191 941 253 1022 nis,
276 941 328 1006 cui
351 940 455 1005 simile
478 943 528 1006 est
543 941 702 1008 Graccum
723 936 805 1004 τοῦτ’
822 943 924 1013 ἐκεῖνο,
945 939 1107 1004 ν..Βυη]Ιι.
1125 937 1211 1020 Synt
1233 957 1263 1020 p.
1281 943 1353 1004 279.

192 1037 582 1104 stephanienses:
605 1041 669 1101 Hie
687 1040 771 1102 inest
791 1050 914 1102 senecta
935 1047 1036 1100 estote
1059 1041 1112 1115 qni
1133 1037 1247 1098 factust
1267 1055 1352 1113 puer.

194 1133 286 1216 (lapi.
308 1135 370 1214 ΙΙΙ,
397 1139 427 1215 3,
458 1141 491 1200 3:
523 1138 586 1199 Hic
614 1137 694 1199 illest
724 1139 798 1199 dics.
842 1136 935 1216 Epio.
959 1133 1015 1214 IV,
1042 1140 1070 1214 1,
1096 1140 1149 1199 14:
1187 1139 1277 1212 plane
1307 1135 1357 1196 lu‘c

193 1235 283 1297 illest.
317 1233 356 1312 V,
381 1237 409 1304 1,
435 1239 491 1298 15:
515 1235 693 1296 incolitant
714 1242 824 1298 autem.
859 1232 987 1297 Terent.
1007 1233 1105 1298 Andr.
1128 1232 1154 1311 I,
1179 1238 1207 1311 l,
1230 1236 1271 1298 98
1294 1247 1358 1311 sq.:

194 1337 283 1396 Attat
304 1333 359 1394 loc
378 1333 456 1394 illati
476 1339 532 1408 cst,
556 1335 632 1394 Hinc
655 1335 726 1395 illac
747 1335 914 1406 lacrumae,
938 1333 1011 1393 tace
1031 1331 1117 1393 illest
1138 1333 1355 1394 misericordia.

193 1427 252 1509 iv,
273 1435 304 1508 4,
327 1433 386 1493 os:
410 1431 472 1491 Ha
494 1437 540 1492 est
561 1431 621 1492 sne.

262 1525 430 1592 Omnium
453 1526 776 1591 demonstrativcrum
798 1541 889 1606 prun.
912 1523 971 1590 hoc
994 1531 1044 1590 est
1066 1543 1249 1596 commune,
1273 1523 1359 1606 quod

196 1631 359 1704 ponuntur
381 1623 541 1688 interdum
564 1625 597 1688 in
619 1623 841 1688 enunciatione
864 1623 1032 1688 coniuncta
1052 1641 1124 1687 cum
1145 1622 1360 1701 substantivo,-

196 1739 279 1802 quae
301 1721 413 1787 deinde
435 1719 619 1786 accusativo
641 1739 713 1786 cum
735 1717 890 1788 infinitivo
913 1725 1074 1801 'sequente
1101 1720 1281 1786 accuratius
1304 1737 1363 1783 er·

195 1819 343 1899 plicatur.
388 1816 489 1884 Gaius
516 1817 643 1898 generis
665 1817 856 1883 Lucblrerus
886 1817 926 1882 dc
955 1815 1015 1902 ini,
1041 1835 1102 1883 usu
1128 1817 1234 1882 Plaut.
1265 1835 1294 1898 p.
1319 1821 1362 1881 25

197 1915 277 1980 haec
299 1913 395 1980 affert
416 1915 575 1996 exempla:
605 1914 709 1979 Plaut
731 1915 845 1981 Pseud.
868 1915 906 1995 V,
931 1921 959 1995 2,
983 1921 1019 1980 8:
1051 1920 1134 1992 Quae
1156 1919 1248 1978 atace
1270 1918 1362 1978 cuda-

197 2017 291 2089 citat,
325 2011 423 2077 such.
447 2012 485 2091 V,
508 2017 538 2088 4,
562 2015 619 2076 47:
651 2014 739 2074 Haec
760 2012 914 2088 facetiast,
943 2012 1009 2078 Mil.
1033 2012 1092 2092 III,
1117 2019 1146 2092 3,
1170 2019 1205 2078 5:
1229 2016 1365 2076 Stultitia

198 2119 288 2186 atque
311 2112 486 2187 insipientia
508 2111 735 2187 [insulsitasque
758 2111 875 2188 hercle]
901 2114 974 2174 llaec
995 2116 1043 2190 sit,
1066 2111 1132 2176 Mil.
1148 2111 1207 2190 ΠΙ,
1231 2116 1260 2188 l,
1285 2115 1362 2174 109:

198 2215 241 2270 At
260 2208 318 2270 tlte
339 2211 405 2270 lans
425 2215 480 2270 cst.

294 2309 343 2369 18.
366 2307 429 2367 Hic
450 2302 558 2384 igitur,
581 2303 702 2371 utiam
724 2303 842 2368 dictum
867 2309 931 2382 est,
951 2304 1083 2386 proprie
1106 2305 1146 2370 de
1168 2305 1272 2386 primu
1292 2323 1368 2387 per·

200 2419 279 2468 sona
301 2401 426 2467 dicitur.
472 2401 524 2468 Sic
546 2398 616 2465 loco
639 2399 735 2465 Ennii
761 2419 811 2480 ap.
836 2400 900 2467 Cic.
932 2402 1047 2477 (annal.
1074 2401 1093 2466 l.
1116 2402 1190 2483 VII,
1213 2401 1252 2467 fr.
1279 2410 1307 2483 1,
1333 2423 1363 2468 v.

203 2505 266 2566 225
283 2517 333 2582 ap.
351 2497 500 2576 Vahlen.)
522 2501 601 2562 hunc
618 2515 814 2580 „pronomen
837 2497 1123 2564 demonstrativum
1140 2506 1191 2564 cst
1212 2504 1245 2565 et
1258 2499 1366 2580 ipsum

201 2597 339 2664 Dumium
360 2595 528 2677 designet‘
552 2595 703 2672 (Klussm.
727 2595 768 2659 ad
783 2595 882 2660 Ncev.
905 2614 935 2677 p.
954 2601 1039 2674 204).
1085 2596 1188 2662 Plaut.
1206 2595 1297 2662 Cure.
1318 2597 1363 2678 II,

206 2701 234 2774 l,
257 2699 314 2760 3³3:
337 2697 413 2773 Veh,
436 2699 517 2757 solus
539 2695 588 2754 laic
610 2696 727 2755 homost
745 2695 796 2768 qui
818 2696 896 2755 sciat
918 2696 1068 2770 divinitus,
1091 2695 1132 2760 ad
1154 2711 1184 2774 q.
1207 2695 1227 2759 l.
1249 2691 1365 2760 Gron.:

204 2789 375 2873 ,ῥιπωῶς
395 2807 430 2856 se
450 2790 556 2870 ipsum
576 2785 764 2869 significot.“
801 2789 896 2854 Poen.
912 2789 950 2870 V,
972 2797 1003 2871 4,
1026 2797 1081 2857 87:
1103 2795 1238 2855 Huiusce
1259 2794 1370 2856 fratris¹

200 2892 283 2954 filius
304 2888 347 2964 tlr.
369 2906 396 2952 e.
418 2888 504 2964 mci).
548 2885 635 2950 Trin.
659 2885 698 2964 V,
723 2893 750 2966 l,
776 2891 808 2950 1:
842 2889 908 2950 Hic
924 2891 1037 2950 homost
1064 2896 1192 2952 omniurn
1215 2893 1366 2954 hominnm

200 2991 395 3064 proecipuus,
418 2983 626 3050 alticomum:
650 3001 706 3062 „se
726 2982 832 3062 ipsum
853 2982 1006 3066 intelligit
1024 2983 1205 3058 lezatensis-‘⁵
1235 2986 1365 3051 Terent6

203 3083 302 3148 Andr.
324 3082 368 3164 ll,
394 3089 420 3158 l,
447 3087 498 3147 10:
525 3085 569 3144 Tu
592 3083 618 3143 si
640 3083 761 3156 lutosis,
785 3084 874 3142 aliter
897 3086 1018 3159 senuas,
1042 3085 1083 3148 ad
1105 3101 1135 3164 q.
1158 3084 1179 3149 1.
1200 3086 1363 3151 Donatus:

203 3179 294 3260 „Hoc
323 3183 419 3261 gestu
443 3179 590 3244 scaenico
620 3176 733 3242 mellus
764 3177 1020 3256 commendatur,
1053 3198 1126 3248 nam
1153 3180 1233 3247 hacc
1261 3180 1366 3261 magis

202 3276 439 3358 spectatoribus
471 3291 567 3356 quom
593 3273 768 3340 lectoribus
798 3275 918 3355 scripte
945 3281 1030 3345 sunt
1069 3279 1137 3340 -Htc
1158 3295 1235 3360 ergo
1257 3279 1366 3358 ipsum

203 3374 379 3442 osmndens
398 3372 484 3449 dicit
507 3375 541 3436 et
563 3375 614 3436 est
633 3373 716 3435 mu
735 3372 942 3451 pronomen.“
982 3419 986 3426 .
1488 3415 1489 3424 Ι

287 3471 412 3536 mindo
433 3469 532 3534 hahet
553 3465 816 3548 significationem
839 3486 916 3534 vere
939 3469 1235 3551 demonstrativam,
1270 3474 1307 3535 ut
1329 3470 1368 3535 iul

203 3565 377 3650 significet,
411 3566 495 3647 quod
517 3563 570 3630 rel
591 3565 692 3631 oculis
714 3582 846 3632 cernere
867 3567 975 3646 possis
1002 3566 1053 3632 vel
1080 3569 1165 3648 quod
1186 3568 1367 3649 proximum

204 3670 263 3730 est
308 3665 360 3731 stc
381 3664 467 3746 apud
488 3663 627 3728 Ennium
648 3665 733 3743 trag.
756 3681 784 3726 v.
807 3667 889 3729 luc:
916 3667 1028 3742 Aspice
1051 3667 1105 3726 tec
1127 3669 1272 3728 sublimen
1294 3683 1366 3728 can·

203 3763 292 3840 dans,
326 3781 413 3841 quem
441 3765 582 3824 invocant
607 3777 710 3822 omnes
739 3764 850 3823 Iovem.
878 3760 999 3826 ,Plcut
1026 3761 1123 3826 Most
1149 3762 1209 3842 Ill,
1241 3770 1266 3841 l,
1293 3768 1367 3827 llic

201 3865 279 3923 Nem
306 3872 464 3939 postquam
490 3861 563 3920 lacae
591 3857 634 3934 (h.
658 3856 820 3934 choesel
847 3861 938 3922 aedes
960 3861 1009 3938 ¹ita
1035 3865 1122 3922 erant
1151 3871 1188 3921 ut
1213 3863 1275 3925 dlxi
1302 3864 1367 3923 title

202 3958 253 4022 Da
266 3955 406 4022 lornurla
420 3961 474 4020 acc
488 3959 585 4026 scoot
607 3955 728 4019 usitato
749 3955 783 4018 in
804 3973 840 4020 rc
860 3955 1061 4037 gladiatorio,
1083 3956 1154 4020 vide
1170 3955 1366 4021 Fleckeisen

204 4071 307 4120 orere.
329 4054 434 4120 Plaut.
456 4073 486 4136 p.
513 4058 561 4134 18,
585 4054 645 4133 qui
663 4049 758 4116 alleri
779 4051 860 4116 Red.
883 4051 939 4131 IV,
961 4061 991 4134 4,
1015 4059 1075 4119 99:
1097 4055 1168 4116 Hoc
1188 4055 1298 4116 lutet:
1319 4071 1371 4117 so·

203 4158 306 4216 latest.
325 4157 409 4230 perii
429 4158 464 4218 et
484 4151 579 4216 Most.
601 4149 662 4228 ΙΙΙ,
685 4155 715 4230 2,
738 4153 796 4215 26:
825 4153 894 4212 Hoc
915 4154 1018 4214 onom·
1045 4153 1171 4228 repperi
1193 4155 1246 4229 qui
1266 4167 1370 4214 senem

204 4254 355 4338 linearem.
401 4248 493 4316 Cura.
514 4248 575 4328 ΙΙΙ,
597 4267 627 4314 v.
642 4253 699 4314 24:
725 4250 887 4326 Catapulta
909 4251 964 4310 lroc
983 4252 1105 4311 ictumst
1126 4253 1202 4312 mihi
1220 4254 1304 4326 Aput
1323 4252 1370 4311 Sl·
