3070 4758
156 273 167 292 ,,
191 188 270 320 ἓ4ς
550 237 705 281 sosarnus.
723 239 1011 284 transumatur.

203 424 236 494 p.
259 389 337 472 'ltu
389 407 441 475 Fr.
471 413 490 476 6
519 411 551 476 in
584 430 611 476 v.
643 419 726 474 orato
757 412 966 494 magistratus
998 411 1207 494 significatus
1246 415 1318 490 est,
1358 429 1386 474 v.

202 504 349 571 Dirksen.
371 523 402 588 p.
428 513 498 574 173.
542 509 648 576 Etiam
671 510 735 576 tab.
759 509 798 586 V,
820 508 858 575 fr.
884 515 902 574 5
926 513 1104 578 subiectum
1125 509 1301 575 omissum
1325 505 1387 589 est,

203 601 242 668 ci.
262 602 410 669 Dirksen.
433 623 463 686 p.
489 611 549 672 331
575 625 630 687 sq,
653 607 729 672 item
752 607 817 673 tab.
834 608 923 689 VIII,
946 607 984 674 ir.
1001 614 1030 688 2,
1052 629 1081 673 v.
1097 607 1276 686 Dirksen,
1303 607 1385 670 item

202 698 239 765 fr.
263 707 283 767 4
306 705 340 768 44
360 699 398 766 fr.
424 707 474 768 12.
518 703 627 769 Simile
647 709 698 769 est
719 703 799 768 Cato
822 705 858 771 R.
881 706 918 772 R.
948 725 973 772 c.
998 712 1051 771 10:
1086 708 1170 767 dolia
1200 725 1267 782 qno
1300 707 1386 766 vina·

204 801 412 870 conscendat,
446 800 525 866 item
547 821 572 867 c.
600 808 652 868 ll:
687 805 767 864 dolia
788 806 839 865 nbi
862 808 1000 868 vinaceos
1029 807 1152 879 condat,
1194 803 1258 866 sed
1291 800 1386 866 ibid.:

202 900 277 973 cola,
301 901 352 974 qui
373 899 476 960 florem
499 901 624 962 domant.
671 899 776 964 015:
801 905 826 962 si
847 907 937 978 locet,
960 920 1002 966 sc.
1019 901 1179 980 domiuuS,
1206 918 1274 964 nec
1291 898 1385 978 quid-

207 1012 302 1074 quam
324 995 364 1059 ad
388 1013 468 1076 opus
491 998 653 1077 praebeat.
699 996 732 1062 Ο.
759 1003 836 1062 150:
865 1003 1038 1080 promittat,
1062 1017 1105 1064 sc.
1127 999 1299 1062 dominus.
1349 995 1382 1059 C.

204 1097 258 1157 12:
284 1095 447 1157 confibulas
469 1099 592 1172 ligneas,
617 1099 813 1173 quiarbores
835 1099 1014 1172 comprimat.
1061 1095 1094 1161 O.
1122 1101 1178 1160 14:
1205 1099 1382 1173 paullulam

201 1195 303 1268 pilam,
327 1194 377 1254 ubi
391 1196 531 1277 'triticum
549 1197 682 1270 pinsant.

289 1287 455 1355 Interdum
479 1290 713 1356 substantivum
736 1293 846 1357 eodem
868 1293 919 1357 vel
942 1293 1039 1357 etiam
1066 1291 1128 1356 aliu
1153 1310 1240 1356 casu
1270 1295 1381 1354 mente

203 1386 383 1451 addendum
407 1392 470 1468 est,
504 1389 589 1468 quod
617 1390 650 1453 in
678 1391 879 1472 praegressis
908 1391 1048 1472 positum
1078 1395 1157 1456 erat.
1208 1390 1268 1455 Sic
1300 1388 1385 1452 Cato

202 1483 239 1549 R.
262 1484 299 1549 R.
324 1502 348 1549 4.
374 1491 428 1550 77:
457 1491 501 1551 ita
522 1491 666 1564 imponito
690 1493 720 1550 in
744 1495 818 1568 spic,
842 1493 910 1551 dein
932 1494 1021 1567 plicis
1045 1493 1196 1565 completo
1223 1492 1307 1549 bane
1331 1505 1378 1546 ar·

202 1590 324 1660 444444,
354 1584 410 1648 ubi
432 1585 473 1648 ad
496 1589 633 1661 completo
654 1586 797 1668 intellige
825 1591 927 1650 sotum.
972 1585 1006 1652 O.
1033 1591 1107 1650 155:
1142 1606 1258 1663 aquam
1284 1587 1373 1646 dedu·
1489 1577 1490 1580 '

202 1700 271 1743 cere
296 1684 327 1743 in
348 1687 411 1746 vias
435 1691 466 1744 et
489 1693 620 1760 segetem
643 1703 748 1746 curare
772 1695 902 1761 oportet,
925 1688 970 1746 uti
995 1686 1081 1761 fluat,
1119 1701 1161 1748 sc.
1194 1700 1296 1764 aqua.
1345 1678 1376 1744 C.

206 1783 280 1844 161:
303 1799 479 1858 asparagum
500 1785 604 1843 vellito
628 1785 664 1843 ab
687 1784 799 1848 radice.
822 1803 891 1843 nam
913 1787 939 1844 si
962 1783 1122 1860 astringas,
1148 1785 1267 1858 stirpes
1292 1783 1375 1852 fient,

202 1887 234 1939 et
245 1881 499 1941 intermorientur.
523 1878 614 1942 Schn.
627 1879 750 1942 mavult
760 1883 988 1950 interponetur,
1001 1899 1043 1945 sc.
1055 1897 1249 1960 asparagus.
1268 1878 1373 1942 Plaut.

201 1973 395 2054 Pocn.V‚2,
415 1979 491 2039 103:
514 1979 631 2053 Ecquid
653 1981 814 2039 meministi
836 1986 919 2039 tuum
941 1989 1100 2055 parentum
1122 1979 1270 2040 nomina?
1306 1972 1373 2039 Aa.

201 2076 300 2134 Patris
329 2080 417 2150 atque
441 2077 544 2135 matris
567 2077 702 2149 memini,
735 2092 778 2139 sc.
801 2075 936 2138 nomina.
981 2073 1072 2156 Capi.
1097 2075 1156 2155 ΙΙΙ,
1179 2081 1212 2155 4,
1238 2079 1299 2140 29;
1333 2077 1371 2134 nt

204 2175 295 2232 etiam
318 2180 347 2234 te
371 2191 455 2234 suum
478 2174 609 2234 sodalem
633 2188 699 2234 esse
723 2175 813 2234 aibat.
859 2172 923 2236 TY.
948 2177 1034 2235 Haud
1049 2177 1112 2237 vidi
1127 2177 1235 2250 magis,
1262 2191 1306 2254 sc,
1324 2187 1372 2234 so·
1486 2239 1488 2250 .

203 2267 316 2333 dalem.
361 2267 458 2332 Poen·
480 2267 540 2350 Ill,
565 2275 594 2350 2,
618 2275 674 2336 36:
697 2275 791 2334 bonus
815 2279 871 2348 est,
895 2289 938 2336 sc.
960 2271 1041 2352 leno,
1065 2271 1102 2336 cf.
1126 2272 1368 2337 adnotationem
1485 2275 1487 2358 j

203 2365 386 2432 Boxlrornii.

289 2465 469 2531 Nonnullae
492 2464 620 2546 ellipscs
641 2484 680 2532 ex
703 2467 931 2532 consuetudine
958 2467 1100 2548 vulgaris
1128 2466 1289 2532 sermonis
1318 2479 1367 2526 re·
1489 2475 1490 2530 Ξ

203 2561 361 2642 petendae
384 2568 467 2628 sunt.
512 2564 584 2628 Huc
605 2564 747 2644 pertinet
768 2566 905 2646 primum
928 2565 1065 2629 formula
1087 2568 1130 2626 stc
1151 2567 1260 2636 datur,
1288 2575 1368 2640 quae
1485 2568 1490 2639 ,4

204 2659 375 2740 aliquoties
395 2661 481 2742 apud
501 2661 651 2727 Plautum
673 2663 843 2742 iuvenitur,
865 2663 899 2726 in
921 2681 985 2742 qua
1004 2681 1076 2742 non,
1100 2659 1367 2744 quemadmodum
1489 2741 1490 2744 Ἴ

207 2758 340 2825 Rostius
362 2746 513 2848 censebat
527 2778 557 2840 p.
577 2765 752 2840 128-130,
776 2760 894 2841 ubique
910 2760 1089 2824 addendum
1107 2765 1157 2826 est
1171 2764 1271 2830 acuto,
1295 2771 1367 2822 nam
1485 2842 1486 2851 ἵ

205 2855 286 2921 haec
308 2857 390 2922 ratio
413 2858 505 2922 nimis
529 2863 676 2922 contorta
698 2867 749 2922 est
771 2864 805 2923 et
826 2859 988 2938 impedita.
1016 2858 1119 2924 Multo
1142 2856 1366 2960 simpliciorem
1489 2943 1490 2946 Ἴ

206 2959 241 3020 44
262 2955 507 3037 probabiliorem
530 2956 687 3020 rationem
709 2956 844 3036 protulit
867 2955 1059 3022 Balbachius
1081 2975 1111 3038 p.
1137 2960 1280 3035 56-5a‚
1314 2966 1366 3031 qut

207 3053 302 3118 docet
339 3052 457 3134 ubique
491 3058 597 3118 mente
628 3053 807 3118 addendum
842 3071 913 3120 esse
936 3057 1069 3130 pretium
1095 3055 1162 3120 sive
1185 3055 1362 3131 4444444444
1484 3083 1490 3096 ,

207 3151 284 3218 Loci
307 3157 381 3218 sunt
402 3150 444 3217 hi.
468 3152 584 3216 Pseud.
607 3151 633 3230 Ι,
657 3159 687 3232 4,
710 3156 759 3216 22.
784 3151 867 3216 Μ44.
884 3151 939 3232 IV,
963 3157 992 3233 2,
1016 3158 1066 3217 40.
1088 3153 1130 3218 ib.
1154 3171 1182 3217 v.
1200 3157 1248 3216 64.
1274 3150 1364 3213 Truc
1484 3183 1486 3231 ,

209 3250 254 3330 ΙΙ,
277 3255 307 3330 8,
330 3255 360 3316 4.
384 3248 481 3314 Stich.
498 3249 536 3330 V,
560 3254 589 3332 6,
613 3261 632 3316 4
656 3248 715 3330 (sic
737 3252 801 3324 sort
823 3252 935 3328 datar).
981 3249 1152 3332 Comparat
1173 3245 1364 3314 Balbachius
1483 3234 1484 3242 '

209 3368 280 3416 cum
302 3347 361 3412 hac
383 3347 491 3428 phrasi
514 3348 739 3430 germanicam:
764 3347 803 3412 oo
826 3345 892 3429 tait
915 3347 955 3412 tu
978 3345 1084 3412 trinea
1108 3344 1207 3430 doto!
1242 3341 1362 3412 Deinde

207 3447 242 3512 iu
270 3447 451 3512 obtestandi
478 3444 622 3511 formulis
648 3449 735 3521 fidem
757 3447 932 3528 omittitur,
963 3450 1001 3511 ut
1023 3446 1149 3511 Terent.
1173 3445 1300 3510 Phorm.
1322 3435 1361 3514 ΙΙ,
1483 3476 1485 3533 l

211 3550 241 3627 3,
263 3551 297 3612 t:
320 3549 378 3607 Pro
402 3549 488 3606 deum
510 3547 720 3607 inmortalium.

295 3647 324 3709 2.
352 3643 521 3704 Plcoaosmt
541 3647 801 3707 substantivorum.
839 3643 890 3708 Ad
911 3643 1111 3724 pleonasmos
1133 3640 1270 3722 primum
1291 3652 1361 3718 per·
1484 3707 1485 3738 1

209 3740 312 3807 tinent
328 3739 628 3805 circumlocutiones
643 3741 806 3805 notionum
822 3739 1020 3824 simplicium,
1044 3741 1134 3819 cuius
1157 3739 1282 3821 generis
1303 3736 1362 3798 iarn
1481 3795 1483 3810 ,

211 3857 311 3920 supra
333 3837 424 3919 (Gap.
440 3837 466 3918 1,
490 3837 516 3916 §.
535 3843 553 3903 3
569 3843 604 3902 44
617 3835 651 3918 4)
674 3837 825 3904 nonnulla
848 3838 992 3920 exempla
1009 3838 1135 3919 prolata
1157 3845 1240 3902 sunt
1265 3835 1360 3911 stopo

210 3955 270 4018 per
291 3937 510 4017 pleonasmurn
532 3935 799 4018 periphrasticum
822 3955 923 4018 genus
946 3940 979 4000 et
1000 3936 1124 4015 speeies
1144 3935 1178 4000 in
1200 3951 1292 4002 unam
1310 3945 1363 3994 no·

210 4035 329 4101 tionem
357 4034 595 4114 grammaticam
625 4037 867 4118 coniunguntur.
914 4033 965 4100 Sic
998 4051 1048 4114 ap.
1084 4032 1239 4100 Catonem
1264 4031 1300 4097 R.
1328 4025 1361 4088 R

212 4153 238 4200 4.
263 4140 292 4212 7,
313 4137 335 4196 4
358 4136 407 4198 est
429 4137 552 4198 orchites
574 4137 661 4216 oleos,
679 4137 794 4211 postas,
826 4134 906 4198 itam
928 4151 953 4197 4
977 4137 1030 4198 20:
1064 4135 1213 4196 Modiolus
1235 4135 1265 4194 iu
1287 4125 1361 4191 ortis
1489 4117 1490 4140 ¹

175 4274 178 4282 ·
212 4236 364 4314 oleaginus
387 4252 424 4294 ex
440 4236 555 4305 ¹orcltt'te
577 4237 641 4296 olco
663 4234 764 4297 facito.
801 4233 899 4308 Lapa
918 4233 994 4294 sileo
1016 4247 1110 4309 saepe
1134 4228 1250 4296 dicitur
1271 4221 1360 4290 aaa·
