3064 4754
222 249 281 306 186
672 237 828 279 ΒΗΒΕΤΔΝΤ.
844 239 906 279 ΟΑΡ.
921 239 961 278 111.

304 415 377 478 Non
398 427 471 477 raro
493 419 663 491 utrumque
686 429 787 493 genus
809 411 982 478 accusativi
1013 411 1087 489 poni
1109 416 1233 491 potest,
1268 416 1324 476 aut
1345 411 1372 476 si

221 513 286 591 via,
315 527 398 591 quae
420 508 625 574 directionem
647 509 827 588 constituit,
861 510 971 574 eadem
995 516 1046 570 est
1067 525 1140 572 cum
1163 509 1214 573 via
1236 509 1369 574 actionis

220 609 330 690 ipsius,
354 608 409 673 ubi
430 607 498 670 tere
519 606 606 668 nulla
627 605 808 671 differentia
829 607 937 672 existit
960 604 1210 686 significationis,
1234 611 1270 670 ut
1286 607 1312 670 si
1327 605 1374 670 di·

220 708 302 772 citnr
318 725 376 782 per
395 711 488 766 totam
508 709 619 764 noctem
640 707 767 780 optare
788 705 840 768 vel
862 711 953 766 totam
974 708 1085 766 accam
1112 707 1184 778 oia,
1219 711 1277 767 aut
1305 703 1375 767 aliis

220 804 260 869 de
283 804 397 885 causis,
421 807 457 867 ut
478 802 506 866 si
527 803 733 883 praepositio,
754 820 836 882 quae
859 800 1045 867 directionis
1068 819 1170 881 genus
1192 801 1374 866 accuratius

219 903 380 983 designat,
410 917 483 964 cum
510 897 608 964 verbo
637 900 708 978 ipso
732 900 948 981 coniungitur,
987 915 1050 980 quo
1080 899 1112 962 in
1142 917 1261 979 genere
1282 899 1375 964 modo

219 1001 296 1064 dem
317 997 406 1062 nulla
425 1004 476 1061 est
497 993 677 1060 differentia
699 996 939 1078 significationis
962 999 1012 1073 (ut
1030 997 1058 1062 si
1077 996 1194 1061 dicitur
1215 998 1254 1057 ad
1275 1000 1377 1058 arban

221 1100 361 1160 motare
375 1094 425 1160 vel
439 1099 540 1156 rostra
554 1095 715 1170 advolare),
738 1095 832 1160 modo
856 1098 907 1158 est
928 1091 1116 1173 differentia,
1141 1100 1177 1158 ut
1192 1095 1276 1158 inter
1292 1097 1376 1158 odire

221 1197 261 1256 acl
282 1197 411 1269 marm
438 1195 471 1254 et
492 1192 577 1252 adire
599 1192 742 1265 umen,
774 1197 832 1257 aut
858 1209 956 1256 unum
979 1209 1080 1273 genus
1110 1193 1284 1256 accusativi
1307 1211 1374 1255 rnu-

221 1296 310 1356 tetur
331 1290 362 1354 in
385 1288 538 1366 alterum,
574 1289 765 1368 praesertim
787 1290 841 1354 ubi
870 1305 928 1369 pro
951 1288 1053 1352 forma
1075 1288 1182 1368 verbi,
1222 1307 1285 1370 quo
1308 1289 1374 1354 solo

219 1387 348 1470 proprie
371 1403 564 1467 progressus
582 1382 754 1465 significari
777 1389 886 1466 potest
906 1386 1051 1466 actionis,
1075 1385 1138 1450 alia
1160 1388 1301 1466 ponitur,
1325 1392 1374 1450 ut:

221 1506 288 1548 amo
302 1492 435 1561 patrem,
463 1483 533 1548 sed:
563 1501 648 1544 amor
668 1502 750 1546 maus
768 1487 950 1560 inpetrem,
972 1483 1057 1563 quod
1079 1501 1137 1564 pro
1159 1483 1299 1564 genitivo
1322 1485 1376 1548 ob·

221 1585 297 1649 ieeti
319 1584 459 1663 positum
481 1587 539 1646 est.

306 1679 498 1757 Discrimen,
528 1678 613 1756 quod
642 1685 739 1744 antea
764 1678 895 1745 fecimus
918 1679 1003 1743 inter
1030 1681 1226 1759 receptivam
1248 1687 1281 1744 et
1303 1698 1376 1759 pro-

224 1779 383 1844 ductivum
407 1775 575 1854 actioncm,
596 1777 726 1856 proprie
742 1783 866 1842 tantum
888 1779 921 1840 in
940 1779 1120 1842 accusativo
1143 1777 1376 1858 progressionis

225 1880 378 1956 apparet,
416 1875 565 1952 quoniam
591 1873 624 1935 in
650 1873 720 1953 ipso
747 1875 837 1940 initio
869 1875 1003 1940 actionis
1030 1876 1095 1941 tale
1129 1875 1300 1940 discrimen
1328 1875 1379 1939 vix

223 1973 425 2052 conspicitur,
448 1971 505 2035 sed
526 1974 594 2032 tum
615 1968 752 2051 demum,
775 1991 845 2038 cum
866 1973 949 2037 actio
975 1972 1111 2052 amplius
1127 1973 1282 2052 procedit.
1315 1973 1379 2037 Ob·

222 2072 339 2136 iactum
364 2069 447 2133 enim
471 2067 656 2132 directionis
677 2067 746 2132 fere
769 2077 820 2134 est
842 2070 1048 2150 receptivum.

310 2166 446 2231 Diversa
467 2181 586 2244 genera
606 2167 780 2230 accusativi
802 2167 974 2232 secundum
991 2169 1135 2234 diversas
1150 2168 1291 2232 rationes
1307 2185 1379 2232 con-

224 2265 388 2332 stituenda
400 2268 483 2341 sunt,
507 2262 622 2342 quibus
637 2264 794 2327 actionem
807 2283 841 2328 se
853 2265 1012 2343 explicare
1029 2267 1162 2346 cogitari
1173 2273 1290 2346 potest.
1314 2265 1383 2328 Hae

224 2364 366 2428 rationes
389 2362 471 2426 duae
493 2366 568 2425 sunt
590 2360 798 2440 potissimum.
832 2361 869 2424 In
891 2364 1000 2442 priore
1023 2365 1179 2430 actionem
1202 2363 1248 2426 ita
1272 2381 1307 2426 se
1331 2380 1385 2426 ex·

223 2463 342 2541 plicare
365 2459 540 2539 cogitatur,
564 2462 601 2520 ut
623 2461 735 2537 status,
760 2461 814 2538 qui
840 2460 929 2524 initio
952 2460 1028 2541 luit,
1059 2462 1223 2525 voluntate
1245 2459 1382 2524 subiecti

224 2576 351 2638 semper
372 2563 545 2621 renovetur
567 2562 601 2618 et
622 2560 802 2637 repetatur,
836 2574 898 2637 quo
924 2555 961 2622 fit
982 2565 1019 2622 ut
1040 2565 1198 2639 augeatur
1228 2558 1325 2622 etiam
1348 2563 1382 2620 et

224 2661 356 2734 crescat,
376 2657 519 2718 mutetur
534 2669 611 2732 ergo
634 2653 759 2719 ratione
779 2655 891 2721 habita
905 2657 1104 2736 quantitatis.
1138 2657 1227 2720 Haec
1247 2654 1383 2718 mutum

223 2761 332 2820 autem
355 2754 470 2818 iterum
499 2749 616 2830 duplex
639 2767 710 2814 esse
732 2755 854 2832 potest,
883 2758 941 2817 aut
962 2757 1112 2816 ecteastoa
1141 2761 1197 2819 aut
1218 2755 1384 2825 inaurium

225 2859 299 2915 utra
321 2850 379 2928 sit,
400 2849 519 2929 pendet
541 2863 581 2910 ex
601 2851 718 2912 natura
739 2851 872 2914 actionis
892 2857 926 2915 et
946 2853 1140 2927 curatione,
1170 2867 1232 2931 qua
1257 2853 1384 2929 specta-

224 2953 287 3012 tur.
332 2945 513 3025 Utrobique
530 2947 638 3006 antem
656 2945 755 3010 nands
770 2949 888 3012 nostris
905 2946 1039 3012 offertur
1060 2949 1181 3028 species
1197 2950 1384 3024 accusato,

227 3053 261 3110 ct
275 3047 321 3109 ita
335 3045 475 3125 quidem,
498 3047 542 3120 ut,
566 3042 593 3105 si
608 3041 691 3106 ectio
707 3046 871 3110 extensive
885 3047 1012 3112 ratione
1029 3047 1213 3127 explicetur,
1237 3046 1384 3111 notiones

224 3141 286 3208 loci
308 3150 342 3208 et
362 3140 516 3222 temporis
540 3145 727 3221 appareant,
750 3143 799 3206 siu
820 3149 928 3208 autem
948 3145 1105 3208 intensiva
1126 3144 1260 3223 ratione,
1284 3161 1385 3224 quau·

224 3240 349 3306 titatem
370 3239 565 3318 interiorem,
590 3240 727 3320 gradum
742 3247 932 3320 spectamus.
955 3243 1068 3306 Altera
1086 3242 1179 3320 ratio,
1204 3258 1268 3320 qua
1282 3241 1383 3305 actio·

226 3355 297 3401 nem
320 3355 356 3401 sc
379 3337 538 3418 explicare
562 3337 697 3418 cogitari
718 3344 835 3419 potest,
860 3356 898 3404 ea
913 3345 972 3418 est,
994 3356 1057 3418 qua
1076 3340 1209 3404 interior
1230 3339 1321 3419 quasi
1337 3339 1385 3404 vis

227 3441 398 3502 etnatura
421 3434 557 3500 actionis
579 3434 612 3498 in
633 3435 773 3500 medium
794 3436 985 3518 proteratur.
1032 3435 1124 3513 Quod
1145 3438 1201 3501 ubi
1223 3434 1272 3516 fit,
1296 3436 1380 3502 actio

226 3521 284 3597 aut
306 3553 340 3598 se
363 3535 466 3615 ipsam
491 3532 650 3597 obiectum
673 3531 792 3600 habere
813 3540 936 3618 potest,
971 3542 1008 3600 ut
1029 3534 1071 3598 ad
1093 3553 1128 3599 se
1150 3535 1252 3614 ipsam
1276 3552 1383 3598 suem·

227 3647 290 3710 que
313 3631 497 3696 interiorem
521 3638 669 3697 naturam
699 3651 733 3698 sc
757 3640 924 3698 convertat
945 3649 1079 3712 eamque
1100 3632 1146 3696 ita
1168 3631 1318 3713 explicet,
1347 3640 1385 3696 ut

224 3727 329 3793 torma
353 3728 545 3794 substantivi
568 3729 619 3794 vel
642 3732 775 3797 nominis
799 3734 887 3796 certe
910 3737 1080 3811 appareat,
1115 3733 1172 3795 aut
1199 3729 1263 3794 vim
1292 3747 1385 3794 suam

224 3827 270 3890 ita
293 3825 438 3906 explicat,
461 3832 500 3891 ut
519 3826 561 3891 ad
579 3826 666 3892 aliud
687 3830 857 3909 obiectum,
881 3828 968 3909 qnod
982 3828 1043 3894 sibi
1061 3828 1134 3908 ipsa
1148 3827 1263 3908 deligit
1281 3828 1383 3908 quusi,

224 3941 260 3988 se
282 3927 457 4004 convertat,
481 3924 515 3987 in
536 3941 599 4004 quo
617 3927 681 3990 vim
697 3944 788 3993 suam
804 3932 962 4006 exerceat,
986 3943 1050 4008 quo
1073 3926 1151 3992 item
1173 3943 1248 3992 vera
1268 3933 1385 3990 notura

224 4022 358 4087 actionis
387 4023 556 4103 perspicua
583 4020 628 4087 fit.
677 4024 747 4090 Hoc
778 4026 938 4090 obiectum
974 4043 994 4089 a
1023 4025 1239 4106 grammaticis
1266 4024 1385 4088 dicitur

218 4123 390 4194 aarum
420 4121 504 4188 cotio
527 4122 598 4202 ipsa
617 4127 725 4186 autem
747 4125 916 4187 cauataa.
961 4123 1069 4188 Facile
1095 4131 1243 4205 apparet,
1271 4123 1304 4186 in
1333 4121 1385 4189 his

225 4218 351 4284 duobus
378 4219 548 4299 generibus
579 4219 737 4285 actionem
764 4236 828 4290 nou
857 4221 921 4286 iam
953 4221 1127 4286 secundum
1156 4220 1381 4300 quantitatem,
