3070 4758
447 261 535 304 OASUS
550 259 819 305 ΒΙΙΒΒΤΔΙΤΠΜΙΙΙ.
838 283 860 294 -
878 262 1042 305 enufflvns.
1247 270 1312 328 335

152 441 203 500 imi
226 438 350 512 snpralli
372 439 466 511 viros,
501 437 543 502 ad
563 455 594 518 q.
618 435 639 502 Ι.
661 435 816 502 'lamehe
844 441 918 515 '„-·
939 437 1029 516 sunt,
1049 435 1119 516 nni
1145 434 1258 500 sedent
1277 435 1312 500 iu

153 534 217 598 ima
238 539 331 612 parte
353 533 505 612 subsellii,
526 553 589 600 non
610 532 744 616 primur
767 532 864 598 Stich.
886 533 946 613 111,
970 540 1000 614 2,
1024 539 1077 599 33:
1102 537 1167 596 Scis
1186 541 1220 595 tu
1241 536 1311 599 med

153 651 218 695 esse
243 631 359 710 [unum]
383 635 435 694 imi
450 635 574 709 supsellt
589 638 695 697 virum.
731 629 827 696 Poen.
842 631 902 711 HI,
920 638 948 708 3,
966 637 1005 696 et
1014 655 1021 694 ι
1044 635 1210 694 Trecentos
1229 649 1311 692 nm·

152 747 215 792 mos
238 732 392 805 Philippos
416 737 519 805 portat
539 734 682 807 praesidi,
706 728 798 808 adq.
821 728 841 793 l.
863 729 888 794 I.
911 728 1226 799 ou1.:‚.Prcas-tdtee
1249 725 1312 790 ele-

152 832 266 907 ganter
286 843 345 907 pro
367 831 545 891 commeatu
561 827 628 894 sive
649 827 766 892 viatico
780 827 929 907 positum,
953 828 1038 907 quod
1058 825 1135 891 lami
1155 823 1312 890 arcendae

152 928 211 988 est.
256 926 381 985 Portare
415 925 515 1005 igitur
546 945 682 989 summm
711 927 860 1002 procedet
893 931 944 990 est
979 925 1012 989 in
1038 930 1252 990 commeatum
1279 925 1312 988 et

152 1028 314 1101 sumptum
337 1039 445 1086 secum
467 1021 583 1088 ferre.“
627 1024 698 1088 Aul.
723 1023 765 1102 H,
788 1031 819 1102 4,
840 1029 897 1088 46:
925 1027 1015 1086 trium
1036 1027 1192 1087 literarum
1214 1025 1310 1088 homo

150 1119 170 1182 i.
194 1137 221 1184 e.
244 1117 305 1182 fur.
350 1118 443 1184 Truc.
467 1119 526 1198 III,
550 1126 579 1201 2,
603 1125 657 1186 22:
690 1122 952 1184 aulaearum.
998 1120 1095 1184 Peon.
1119 1118 1178 1198 ΙΙΙ,
1203 1122 1230 1190 5,
1255 1122 1311 1182 26:

153 1221 203 1278 Me
227 1235 293 1278 esse
317 1219 371 1279 hos
401 1227 552 1281 trecentos
575 1223 730 1296 Philippos
757 1221 909 1292 sucturum
939 1221 1023 1281 lueri.
1066 1216 1181 1282 Pseud.
1205 1216 1260 1291 IV,
1282 1223 1310 1294 t,

150 1321 206 1380 42:
240 1335 362 1392 operam
389 1315 454 1377 face
483 1320 630 1392 conpendi
658 1335 813 1393 quaerere.
855 1315 970 1382 Bacch.
994 1315 1037 1392 ΙΙ,
1066 1320 1096 1393 2,
1120 1320 1138 1377 6
1168 1314 1310 1389 (Taubm.

152 1414 193 1477 ed
216 1413 296 1477 Rud.
319 1411 362 1491 H,
387 1417 415 1484 3,
440 1413 512 1489 toi:
536 1416 690 1492 Compendi
712 1417 804 1477 verbe
824 1420 918 1476 multa
943 1417 1002 1476 iam
1025 1414 1132 1476 faciam
1155 1415 1218 1476 tibi.
1257 1406 1324 1476 Ass

151 1510 192 1589 ΙΙ,
218 1516 247 1590 2,
270 1516 327 1574 41:
351 1514 645 1574 Verbivelitationem
666 1513 733 1574 fieri
756 1515 903 1588 conpendi
925 1515 1129 1576 voloznon
1153 1509 1311 1589 usurpari,

151 1608 224 1672 volo
247 1626 306 1672 nos
329 1607 477 1674 desinere
497 1609 605 1674 verbis
627 1608 764 1674 velitari.
788 1609 876 1674 Pers.
893 1609 948 1689 IV,
973 1615 1002 1689 3,
1025 1614 1060 1673 2:
1082 1611 1158 1670 Nam
1181 1628 1235 1686 ego
1257 1612 1311 1670 ho-

151 1709 199 1768 die
223 1711 370 1784 conpendi
392 1709 452 1768 feci
474 1711 559 1770 binos
579 1727 673 1783 panes
695 1711 725 1768 in
754 1711 827 1770 dies.
871 1706 996 1772 Terent.
1021 1707 1119 1770 Andr.
1142 1705 1201 1782 ΠΙ,
1225 1711 1254 1784 5,
1278 1712 1312 1771 2;

154 1808 390 1882 quandoquidem
407 1812 467 1867 tam
482 1809 573 1880 iners,
597 1815 658 1868 tam
673 1810 747 1868 nulli
763 1810 870 1868 tonsili
885 1825 958 1882 sum,
981 1822 1008 1868 v.
1029 1802 1070 1868 ad
1090 1803 1121 1868 h.
1137 1803 1157 1868 l.
1174 1803 1311 1881 Ruhnk,

153 1900 223 1964 mail
246 1900 286 1982 im
311 1916 372 1966 nou
396 1901 426 1983 lo
452 1918 508 1985 gor
532 1899 627 1966 tatuer
642 1897 802 1986 tltugbett.
825 1901 895 1966 mall
916 1901 958 1978 let)
981 1901 1012 1982 lo
1036 1899 1099 1980 isba
1122 1899 1226 1964 bumm
1247 1899 1309 1972 biu,

153 2000 300 2079 proprie:
324 1999 394 2062 rmil
416 1998 457 2076 iet)
482 1999 529 2064 eiu
545 1996 668 2080 Viatia
692 2013 754 2064 rou
776 2001 807 2081 io
833 2018 889 2084 gur
910 1997 1015 2070 trinea,
1038 2001 1058 2063 i.
1074 2018 1102 2064 e.
1123 1999 1154 2080 io
1178 1998 1312 2084 moriger

150 2093 302 2180 ddlugbeit
325 2095 385 2160 bin.
431 2097 547 2162 Heaut.
571 2097 596 2176 1,
623 2104 648 2175 l,
674 2104 726 2163 11:
756 2103 866 2176 Agrum
890 2103 935 2161 his
958 2102 1128 2175 regionibus
1153 2103 1309 2160 Meliorem

149 2215 245 2273 neque
269 2201 350 2272 preti
378 2201 498 2259 maioris
522 2217 607 2260 nemo
630 2200 735 2272 habet,
769 2197 824 2275 qui
852 2213 914 2260 nou
944 2201 995 2260 est
1024 2196 1182 2276 genitivus
1204 2196 1309 2276 pretii.

151 2291 254 2355 Rudd.
279 2293 320 2374 ΙΙ,
344 2299 471 2375 p.183:
495 2296 648 2376 „perinde
671 2299 720 2360 est
742 2313 779 2358 ac
802 2294 829 2356 si
852 2294 951 2372 dicas,
974 2295 1063 2373 Ager
1085 2311 1226 2358 summae
1249 2293 1310 2358 fer*

152 2389 293 2466 tilitatis,
327 2391 421 2456 homo
444 2393 552 2473 magni
574 2392 724 2474 ingenii.“
768 2391 845 2454 Hec.
869 2391 906 2470 V,
932 2397 961 2468 3,
987 2395 1018 2454 l:
1052 2410 1089 2452 ne
1117 2410 1211 2452 meam
1240 2411 1309 2454 erus

152 2506 218 2548 esse
247 2507 367 2564 operam
396 2494 519 2568 deputet
552 2494 637 2567 parvi
668 2493 757 2566 preti.
803 2488 936 2567 Adelph.
965 2487 1003 2564 V,
1035 2491 1064 2564 6,
1092 2493 1126 2552 3:
1161 2493 1309 2551 homiuem

151 2590 279 2646 maxumi
300 2591 392 2650 Preti.
438 2588 555 2652 Heaut.
577 2587 660 2667 prol.
676 2605 703 2650 v.
721 2591 775 2652 292
798 2590 946 2648 Novarum
971 2583 1234 2667 [comoediarum]
1258 2592 1311 2664 qci

152 2688 311 2758 spectandi
331 2687 445 2748 faciunt
468 2689 592 2762 copiam.
637 2685 766 2749 Phorm.
789 2683 815 2764 Ι,
840 2690 868 2757 3,
893 2690 947 2746 24;
971 2687 1012 2746 Ut
1034 2703 1129 2760 neque
1152 2688 1226 2746 mihi
1247 2688 1310 2746 eius

155 2783 194 2842 sit
218 2787 357 2845 mittendi
378 2804 433 2846 uec
454 2785 605 2846 retinendi
628 2787 722 2860 eopia.
765 2781 869 2846 Rudd.
892 2779 935 2860 Π,
958 2799 988 2861 p.
1013 2787 1092 2846 246:
1126 2780 1310 2860 „Nonnum-

154 2897 246 2957 quam
266 2885 385 2944 etcum
405 2881 590 2961 pronomine
607 2879 760 2962 singulari
782 2878 925 2944 feminini
947 2879 1103 2959 gerundia
1122 2879 1309 2960 iunguntur.

151 2975 212 3040 Hic
239 2978 372 3042 amicam
401 2978 558 3044 Phanium
585 2979 728 3059 proxime
766 2978 928 3058 respuor
970 2977 1097 3043 Phorm.
1126 2977 1163 3058 V,
1192 2984 1221 3057 6,
1250 2983 1309 3042 40:

151 3079 203 3136 Ait
226 3086 352 3153 uterque
376 3081 429 3138 tibi
450 3086 632 3153 potestatem
655 3081 718 3140 eius
741 3079 928 3138 adhibendae
952 3079 1026 3138 dari.

234 3171 301 3236 Liv.
325 3175 465 3239 Andron.
491 3173 603 3256 odyss.
627 3176 646 3238 1.
670 3174 724 3251 IV,
748 3179 810 3239 213
838 3191 888 3254 ap.
911 3171 1009 3237 Prisc
1032 3171 1089 3252 IV,
1113 3177 1188 3237 679:
1219 3181 1308 3249 atque

149 3290 230 3332 oscos
252 3275 393 3334 habemus
412 3276 602 3337 mentionem.
647 3272 745 3336 Naev.
775 3272 834 3336 int.
863 3288 941 3334 com.
968 3269 1008 3335 fr.
1031 3276 1065 3336 9:
1103 3289 1169 3332 eum
1192 3273 1310 3345 argenti

149 3373 236 3432 adest
259 3372 373 3432 oratio?
415 3368 518 3433 Plaut.
534 3370 647 3450 Amph.
668 3371 704 3448 V,
722 3376 750 3450 2,
767 3377 800 3434 5:
824 3373 952 3432 Primum
976 3372 1104 3431 omnium
1125 3373 1307 3432 Alcumenae

147 3487 271 3529 usuram
301 3469 432 3543 eorporis
463 3469 545 3543 cepi.
591 3468 703 3548 Amph.
737 3468 818 3548 prol.
854 3486 882 3531 v.
913 3470 988 3530 108:
1024 3468 1211 3543 Ueuromque
1243 3468 1306 3527 eius

149 3569 280 3639 eor-ports
308 3569 389 3642 cepit
411 3569 475 3628 sibi.
521 3565 616 3631 Poeu.
637 3565 675 3647 V,
698 3573 728 3646 4,
754 3571 805 3629 15:
829 3585 915 3642 quem
938 3583 1030 3640 penes
1051 3583 1118 3639 spes
1139 3565 1218 3625 vitoe
1239 3570 1308 3626 sunt

150 3665 298 3726 bominum
322 3669 458 3727 omnium.
503 3662 590 3728 Pers.
610 3663 648 3741 V,
673 3670 700 3742 2,
725 3668 761 3728 8:
796 3667 873 3739 Quia
899 3665 988 3724 tidem
1017 3665 1045 3724 ei
1068 3681 1125 3725 non
1148 3665 1239 3724 habui
1260 3679 1307 3722 ar·

150 3764 245 3835 genti,
281 3783 316 3824 eo
338 3766 411 3824 mihi
434 3781 484 3824 aas
507 3767 659 3824 machinas
682 3765 824 3824 molitust.
870 3762 962 3842 Epid.
985 3761 1028 3840 ΙΙ,
1052 3767 1081 3840 2,
1105 3766 1158 3825 97:
1191 3761 1308 3820 consol-

152 3860 226 3918 tstio
249 3861 437 3935 Nuptiarum.
482 3859 570 3924 Asin.
592 3859 651 3941 111,
679 3866 705 3936 Ι,
731 3865 786 3926 31:
814 3863 897 3922 Haec
919 3863 982 3922 dies
1005 3869 1146 3921 summast
1169 3869 1241 3934 aput
1261 3874 1308 3916 me

148 3956 266 4029 inopiae
300 3961 476 4020 excussatio.
521 3954 590 4022 Ges.
616 3957 654 4037 V,
688 3963 715 4035 2,
744 3962 797 4022 13:
830 3960 1012 4020 inlecebram
1042 3960 1147 4032 stupri.
1192 3952 1308 4019 Caecil.

151 4048 231 4114 Stet.
255 4051 396 4118 Plocium
420 4055 457 4118 dr.
484 4059 537 4118 16:
556 4059 698 4130 peceant
722 4061 846 4117 tutelam
868 4074 979 4133 geram.
1013 4053 1139 4116 Terent.
1161 4051 1259 4118 Andr.
1282 4050 1298 4114 I

150 4152 256 4219 1,17:
294 4153 385 4224 Quasi
412 4155 633 4228 exprobratiost
661 4155 816 4215 inmemori
843 4155 977 4215 benefici.
1022 4150 1120 4214 Andr.
1143 4151 1168 4227 1,
1200 4155 1227 4225 5,
1252 4153 1306 4213 26:

147 4253 254 4323 Amor,
278 4251 485 4310 misericordia
508 4253 608 4328 huius,
632 4255 802 4327 nuptiarum
827 4253 1015 4324 sollicitatio,
1040 4252 1114 4310 Tum
1134 4251 1230 4326 patris
1252 4267 1305 4324 pn·
