3058 4766
457 262 547 302 CASUS
562 263 829 306 suascutt'rivoitittt.
844 285 867 294 -
882 264 984 305 natan.
1272 277 1310 334 93

159 439 213 499 10:
235 435 352 510 quicum
374 439 509 500 adcubat.
533 437 570 515 V,
595 441 622 516 2,
648 444 701 502 75:
724 443 807 515 Egon
832 457 918 516 quom
941 442 1014 500 haec
1037 457 1103 499 uum
1117 442 1169 500 illo
1184 441 1313 502 adenbet

158 535 343 610 inspectem?
379 533 445 597 BA.
476 537 568 597 Immo
591 539 726 612 equidem
753 543 803 613 pol
827 543 920 598 tecum
943 537 1124 597 adcumbam.
1168 535 1261 600 Most.
1286 537 1312 617 Ι,

158 635 187 708 3,
214 635 287 694 151:
311 651 377 694 cum
397 637 491 693 stacta
512 635 636 694 adeuho.
681 633 765 698 Men.
789 651 817 698 v.
843 636 941 699 1308:
962 651 1028 694 eum
1050 640 1099 694 tuo
1121 637 1182 708 filio
1203 638 1314 697 Libera

159 732 294 792 accubat.
340 728 436 795 Stich.
461 729 498 807 V,
523 733 550 808 5,
576 735 603 792 9.
649 729 763 796 Bacch.
787 732 810 801 Ι,
840 737 868 809 2,
893 736 925 795 9:
957 733 1034 806 Quid
1057 733 1111 792 tibi
1132 737 1312 795 conmercist

154 845 222 888 eum
243 828 289 888 dis
311 829 572 889 damuostuumtr?
617 828 730 894 Bacch.
755 829 813 908 ΙΙΙ,
837 833 866 908 6,
898 833 956 892 35;
985 832 1163 907 Quibuscum
1186 833 1312 893 haberes

159 944 231 986 rem.
275 923 361 989 Trin.
386 925 411 1004 Ι,
435 929 464 1003 2,
491 929 564 989 1821
588 931 805 1003 Famigeratori
827 947 875 991 res
899 931 938 989 sit
961 946 1026 988 oum
1047 929 1154 988 dmuuo
1178 935 1206 989 et
1225 931 1312 1004 mulo,

161 1021 296 1102 adql.
320 1022 441 1086 videl.
466 1021 536 1088 Gul.
561 1023 654 1089 Truc.
677 1023 709 1102 Ι,
735 1030 768 1102 2,
798 1031 853 1088 51:
881 1027 939 1087 Sed
969 1028 1046 1086 utris
1074 1045 1139 1087 oum
1160 1045 1224 1087 rem
1246 1045 1313 1088 esse

161 1121 276 1182 mavis?
319 1119 417 1185 Stich.
436 1120 479 1199 ΙΙ,
510 1125 538 1197 2,
563 1127 595 1186 9:
625 1126 702 1197 Quid
723 1133 865 1185 mecumst
888 1125 962 1185 tibi?
984 1122 1078 1188 Most.
1102 1122 1161 1200 III,
1187 1129 1214 1201 1,
1240 1127 1313 1187 124;

156 1219 351 1296 Adulescens,
374 1237 484 1279 mecum
506 1239 568 1280 rem
593 1223 677 1281 habe.
711 1218 808 1285 Merc.
831 1219 890 1300 111,
915 1226 942 1299 1,
967 1225 1021 1285 36;
1044 1223 1102 1283 iam
1124 1224 1313 1298 bienniumst,

161 1335 248 1391 quom
271 1319 362 1377 hahet
384 1337 445 1377 rem
469 1319 582 1378 tecum?
604 1317 692 1381 Pers,
716 1317 769 1395 IV,
790 1324 820 1397 4,
847 1322 901 1382 18:
929 1319 1002 1380 Cum
1024 1319 1148 1393 optumis
1163 1322 1237 1380 uiris
1251 1337 1314 1379 rem

161 1416 293 1476 habebis.
339 1413 423 1478 Men.
446 1434 475 1478 v.
497 1417 574 1478 826:
599 1435 718 1491 quaeso,
743 1417 813 1490 quid
834 1419 905 1476 milii
928 1418 1075 1478 teeumst?
1097 1416 1181 1481 Men.
1206 1416 1259 1496 IV,
1284 1422 1313 1491 2,

159 1515 214 1574 85:
237 1514 287 1572 Nil
309 1515 381 1572 mihi
404 1518 533 1574 tecumst.
578 1511 661 1576 Men.
685 1512 745 1590 ΙΙΙ,
769 1517 797 1591 2,
821 1517 876 1577 29:
904 1517 974 1590 quid
1001 1517 1056 1574 tihi
1084 1534 1152 1575 nam
1174 1522 1315 1576 utecumst

157 1613 211 1671 rei.
257 1607 340 1673 Men.
364 1629 391 1671 1.
415 1613 491 1673 482:
520 1614 605 1687 quasi
625 1630 674 1673 res
703 1631 768 1672 cum
790 1630 827 1671 aa
849 1619 931 1673 esset
952 1613 1033 1672 mihi.
1078 1610 1161 1675 Men.
1185 1629 1214 1675 v.
1240 1616 1314 1678 369:

158 1709 237 1783 Quid
258 1727 369 1770 mecum
392 1711 447 1769 tibi
471 1712 540 1770 Fuit
562 1727 697 1784 umquam
718 1718 769 1770 aut
792 1729 869 1770 nunu
891 1717 939 1771 est
960 1711 1087 1786 negoti?
1115 1707 1199 1773 Meu.
1222 1709 1263 1787 ΙΙ,
1286 1715 1315 1790 2,

157 1810 214 1870 48;
246 1809 322 1881 Quid
353 1808 408 1867 tibi
435 1825 502 1866 nam
524 1815 663 1868 meeumst
685 1808 749 1868 rei?
793 1805 890 1871 Stich.
914 1806 952 1885 V,
975 1812 1004 1881 4,
1030 1811 1064 1870 5:
1093 1810 1170 1868 Dum
1198 1810 1315 1884 quidem

158 1909 258 1967 hercle
282 1925 347 1966 curu
369 1923 421 1966 suo
444 1909 566 1981 quisque
589 1909 689 1965 veniat
709 1907 786 1966 uiuo.
832 1903 925 1969 Truc.
949 1905 985 1974 V,
1008 1923 1036 1968 v.
1061 1909 1118 1968 51:
1141 1908 1266 1968 Meliust
1285 1913 1315 1966 te

157 2007 244 2065 minis
273 2011 389 2064 certare
418 2021 529 2063 mecum
556 2021 641 2078 quam
671 2006 814 2066 minaciis.
866 2002 981 2068 Bacch.
1009 2002 1069 2082 IV,
1108 2008 1141 2081 9,
1176 2007 1216 2065 41
1248 2019 1316 2082 sq:

157 2107 228 2164 Post
250 2103 419 2176 mayuurico
441 2103 589 2161 1111111-
610 2101 744 2162 Confllxi.
790 2099 887 2165 Stich.
911 2118 939 2164 v.
964 2103 1018 2164 el:
1042 2104 1112 2177 quid
1134 2104 1205 2162 mihi
1229 2109 1317 2177 opust

158 2232 197 2244 ·-
231 2218 297 2261 cum
322 2202 394 2260 meis
424 2203 536 2261 Gerere
564 2201 683 2261 bellum.
732 2197 790 2275 IV,
821 2201 854 2278 2,
888 2205 944 2264 47:
985 2201 1154 2278 Qut'ouutuis
1181 2202 1316 2275 depugno

158 2302 250 2359 multo
278 2297 396 2358 facilius
425 2315 511 2373 quam
539 2315 605 2358 uam
635 2296 728 2368 sume.
772 2294 862 2360 Pers.
882 2296 912 2374 Ι,
951 2302 982 2375 1,
1018 2301 1116 2360 3-5:
1154 2301 1228 2357 Nam
1251 2315 1317 2357 eum

159 2397 253 2463 leonte,
282 2413 349 2454 eum
371 2401 503 2463 excetra,
530 2411 718 2463 cumcurm,
747 2413 813 2456 cum
833 2413 905 2470 apro
932 2395 1078 2463 Aetolico,
1111 2395 1185 2455 Cum
1213 2396 1317 2455 avitus

127 2493 380 2567 *Stymphaliae
416 2513 481 2554 cum
506 2493 622 2553 Aulaeo
654 2493 802 2553 deluctari
831 2497 937 2568 malui,
977 2496 1069 2568 Quam
1105 2511 1171 2552 eum
1196 2493 1316 2555 Araura.

161 2590 248 2654 Pers.
271 2609 300 2655 v.
320 2595 374 2654 26:
398 2609 464 2651 eum
486 2593 527 2650 eis
546 2591 728 2666 belligerem.
759 2588 801 2666 ΙΙ,
825 2592 854 2669 2,
878 2594 937 2654 561
961 2599 1078 2652 certare
1101 2595 1202 2650 tecum.
1232 2588 1316 2654 Men.

162 2705 191 2752 v.
217 2691 290 2752 765:
324 2691 420 2750 Credo
443 2707 509 2750 cum
530 2689 595 2748 vtro
626 2689 751 2762 litigium
779 2696 880 2749 natum
911 2707 977 2750 esse
1005 2689 1134 2764 aliquod.
1178 2685 1262 2750 Men.
1285 2705 1313 2750 v.

163 2791 238 2850 151:
262 2789 402 2863 Litigium
421 2788 505 2846 tibist
527 2803 592 2846 uum
614 2803 714 2846 auore.
759 2783 873 2848 Pseud.
897 2783 944 2862 ΙΙ,
976 2789 1010 2859 1,
1038 2788 1070 2848 6:
1100 2803 1166 2845 eum
1188 2787 1317 2846 hostius

159 2887 210 2946 nbi
234 2884 309 2960 [nbi]
334 2886 519 2962 congrediar.
542 2881 658 2946 Pseud.
673 2880 698 2956 Ι,
718 2886 744 2960 1,
761 2885 794 2944 8:
815 2883 922 2944 (iustas
944 2885 1072 2944 tabellas
1095 2888 1194 2944 tecum.
1219 2881 1316 2947 Stich.

159 2981 184 3061 Ι,
211 2987 240 3058 2,
264 2987 318 3046 94:
343 2984 450 3043 Tecum
472 2983 595 3042 adduce.
626 2977 722 3043 Stich.
745 2978 788 3058 Π,
812 2984 841 3058 2,
866 2984 922 3042 57;
950 2982 1067 3040 advexit
1089 2999 1194 3041 secum.
1218 2979 1316 3046 Stich.

162 3099 193 3143 1.
218 3084 292 3144 388;
315 3083 404 3142 Poste
427 3088 525 3141 autem
548 3080 665 3139 advexit
687 3081 836 3153 parasitos
858 3095 963 3140 summ.
1007 3076 1066 3155 ΙΙΙ,
1098 3083 1129 3154 l,
1158 3083 1210 3142 17:
1244 3099 1316 3155 quas

161 3197 274 3241 mecum
296 3181 412 3240 adduxi.
435 3176 522 3240 Pera.
545 3175 570 3253 I,
593 3179 621 3254 3,
646 3178 701 3240 62;
725 3179 783 3238 nisi
805 3185 925 3254 gnatum
948 3181 1040 3236 tecum
1062 3178 1119 3237 hue
1141 3177 1199 3236 iam
1224 3197 1315 3254 qnan-

160 3283 223 3337 tum
244 3283 345 3352 potest
367 3277 507 3337 Adducis.
551 3272 635 3337 Men.
658 3272 700 3351 ΙΙ,
725 3277 753 3351 3,
778 3277 834 3337 76:
874 3278 955 3351 Ergo
982 3293 1049 3335 mox
1074 3273 1191 3335 auferto
1215 3279 1315 3336 tecum.

163 3371 247 3438 Men.
270 3372 350 3454 prol.
373 3391 402 3437 v.
426 3377 481 3436 27:
515 3374 676 3433 Tarentum
709 3374 808 3433 avexit
834 3389 930 3432 seeum
964 3373 1002 3432 ad
1028 3379 1192 3432 mercatum
1220 3375 1315 3434 simul.

160 3471 275 3542 Bacch.
309 3469 368 3549 IV,
396 3477 427 3550 1,
456 3474 491 3534 2:
528 3472 636 3531 Militis
669 3472 720 3545 qui
747 3471 869 3530 amicam
903 3485 998 3530 seeum
1026 3473 1125 3532 avexit
1156 3489 1192 3530 ex
1219 3473 1316 3531 Samo.

160 3569 275 3634 Pseud.
299 3567 358 3646 IV,
389 3572 424 3649 6,
445 3573 499 3634 321
529 3585 624 3630 aecum
646 3565 777 3628 abduxit.
822 3564 936 3629 Pseud.
959 3584 988 3629 v.
1011 3569 1087 3632 693:
1111 3569 1192 3628 ducit
1215 3571 1316 3628 nescio

161 3686 248 3745 quem
269 3685 366 3729 seeum
384 3669 485 3728 semul.
521 3665 563 3744 ΙΙ,
585 3669 615 3742 4,
640 3667 694 3727 66:
717 3667 872 3726 Hominem
894 3683 960 3725 uum
981 3665 1161 3725 ornamentis
1183 3667 1316 3726 omnibus

162 3769 346 3828 Exomatum
369 3767 517 3840 adducite,
541 3761 626 3842 quod
646 3767 753 3825 tamen
769 3760 852 3824 mulo
867 3761 910 3824 ad
924 3764 951 3823 d.
967 3762 1139 3843 pertinere,
1163 3761 1316 3840 siquidem

163 3883 230 3926 uua
256 3883 319 3924 oru.
347 3861 454 3943 potius
482 3878 553 3926 cum
580 3858 749 3939 participio
778 3865 953 3922 1111111111
979 3877 1073 3939 quum
1101 3875 1173 3922 cum
1195 3862 1317 3920 domiue

164 3960 417 4040 coniungendum
440 3977 510 4023 esse
536 3962 623 4038 puto.
667 3955 781 4021 Pseud.
806 3957 835 4035 Ι,
869 3962 900 4034 1,
929 3960 984 4020 60:
1019 3977 1086 4018 nam
1115 3960 1187 4017 mihi
1214 3959 1316 4018 videor

161 4075 228 4119 eum
251 4075 286 4118 eu
306 4059 475 4119 fabularier.
520 4056 612 4120 Most.
636 4073 664 4118 v.
689 4058 764 4119 519:
801 4057 925 4133 Quicum
951 4057 1045 4116 istaec
1074 4057 1217 4131 loquere?
1260 4053 1316 4133 IV,

165 4158 195 4232 2,
219 4159 270 4219 39:
295 4158 358 4216 sine
381 4174 426 4216 me
449 4173 515 4216 cum
531 4172 625 4229 puero
646 4156 736 4229 loqui.
779 4151 867 4216 Pers.
889 4171 918 4217 v.
941 4155 1017 4215 486:
1050 4155 1109 4216 Ubi
1130 4171 1195 4212 cum
1218 4153 1317 4212 huone

163 4271 211 4311 me
235 4254 347 4312 ridebis
370 4255 516 4328 conloqui.
561 4251 680 4315 Eadem
702 4247 853 4331 leguntur
875 4269 902 4314 1.
927 4253 997 4313 728.
1035 4248 1133 4314 Mera.
1156 4248 1181 4326 l,
1206 4253 1235 4327 2,
1260 4252 1315 4311 16;
