3064 4754
205 223 268 282 184
632 207 788 250 sensam.
802 209 867 250 ΟΔΡ.
880 209 921 250 111.

205 385 349 452 cusativi.
395 382 576 450 Subiectum
598 382 638 448 ab
659 401 715 460 eo,
747 382 984 464 quiequam,
1017 380 1111 463 plane
1138 379 1233 444 simili
1262 381 1353 444 modo

203 489 314 548 natum
337 499 408 548 esse
431 479 566 560 eogitari
587 484 708 560 potest,
736 486 833 560 atque
854 479 1016 546 obiectum
1038 479 1070 544 in
1097 478 1279 544 accusativo
1300 496 1354 558 po·

205 581 302 646 situm
317 597 357 644 ex
371 579 496 644 0011000
516 576 651 644 subiecti
670 577 762 656 quasi
781 577 910 658 prodiit,
933 575 1087 657 siquidem
1109 575 1261 656 cogitatio
1277 576 1355 654 eius,

203 677 259 758 qui
280 676 439 757 loquitur,
464 675 536 756 ipsa
557 678 607 740 est
628 673 729 752 actio,
760 691 842 754 quae
864 675 912 754 id,
941 673 1026 754 quod
1053 674 1231 739 subiectum
1259 692 1355 738 enun-

204 774 351 840 ciationis
372 771 517 840 ictuum
539 775 600 851 est,
621 771 655 836 in
677 790 712 838 se
733 772 847 854 recipit
869 773 921 838 vel
935 789 974 836 ex
994 789 1030 836 se
1049 771 1176 836 demum
1196 777 1354 852 procreat.

203 871 325 938 Eadem
357 871 456 951 igitur
484 869 579 950 plane
605 869 689 936 ratio
716 869 887 936 intercedit
918 870 1002 934 inter
1036 869 1196 934 obiectum
1222 875 1256 934 et
1282 869 1356 932 aub-

205 969 335 1049 ieetum,
356 985 437 1048 quae
452 966 537 1034 inter
551 966 729 1032 subiectum
751 972 872 1032 eleum
894 967 949 1048 qui
963 967 1113 1048 loquitur.
1147 966 1358 1030 accusativus

204 1065 250 1131 sie
269 1069 435 1146 spectatus
456 1065 582 1131 ratione
605 1065 789 1132 nominativi
811 1064 921 1130 habita
943 1065 1079 1130 eundern
1100 1064 1204 1130 locum
1225 1065 1356 1141 obtinet,

210 1179 305 1242 quem
320 1161 533 1228 nominativus
548 1161 671 1226 ratione
687 1162 765 1234 eius,
785 1163 840 1242 qui
854 1162 1006 1242 loquitur,
1029 1161 1148 1242 habita,
1169 1171 1355 1244 quapropte,

213 1259 414 1326 accusativus
432 1258 557 1325 ratione
572 1259 758 1326 nominativi
777 1259 887 1326 habita
906 1261 1015 1326 vocari
1032 1264 1141 1340 potest
1159 1279 1245 1324 00000
1263 1257 1359 1324 reae
1429 1267 1437 1284 ·

203 1355 469 1438 quemadmodum
492 1359 543 1420 est
564 1356 776 1422 nominativus
797 1357 866 1438 ipse
888 1359 1014 1422 ratione
1036 1358 1115 1436 eius,
1138 1358 1192 1438 qui
1206 1358 1357 1437 loquitur,

202 1453 321 1520 habita.
365 1454 443 1519 Eius
465 1459 591 1532 autem,
611 1453 666 1534 qui
686 1454 843 1534 loquitur,
866 1456 990 1520 ratione
1011 1455 1122 1519 habita
1143 1455 1356 1520 accusativum

205 1555 341 1630 apparet
360 1569 490 1617 manere
517 1571 619 1616 00000
645 1555 804 1628 colmam.
850 1552 971 1630 Quodsi
997 1553 1038 1618 ad
1066 1553 1281 1618 accusativum
1303 1551 1357 1616 ob·

203 1648 277 1714 iecti
299 1648 423 1715 accedit
444 1648 530 1714 notio
550 1648 778 1729 praedicativa,
800 1648 931 1729 ponitur
953 1649 1031 1715 haec
1053 1650 1086 1714 in
1101 1649 1256 1731 singulari
1270 1648 1358 1714 verbi

202 1743 316 1816 forma,
338 1743 502 1824 infinitivo,
522 1750 720 1826 quapropter
741 1746 838 1812 etium
860 1753 948 1812 recte
970 1747 1047 1812 dicit
1068 1747 1206 1812 Haasius
1229 1747 1270 1811 ad
1284 1746 1358 1810 Rei-

205 1842 321 1922 sigium
343 1843 449 1908 adnot.
472 1848 532 1907 601
549 1843 584 1922 b,
607 1843 740 1908 eandem
760 1843 959 1910 intercedere
981 1845 1137 1909 rationem
1160 1845 1245 1908 inter
1267 1861 1359 1908 accu-

203 1940 342 2004 sativum
358 1945 392 2004 et
407 1940 647 2020 nominativum,
669 1956 766 2019 quam
781 1941 866 2007 inter
884 1939 1073 2006 infinitivum
1095 1946 1128 2006 et
1142 1941 1357 2006 indicativum.

289 2037 398 2116 Usque
423 2037 526 2103 adhuc
552 2039 635 2103 actio
658 2039 729 2119 ipsa
755 2039 887 2119 eiusque
909 2043 1023 2103 natura
1045 2039 1193 2103 universe
1215 2044 1361 2118 spectata

204 2139 263 2199 est.
307 2134 376 2198 Iam
399 2140 580 2215 spectemus
596 2153 675 2214 eam,
699 2143 856 2215 quatenus
875 2156 906 2200 ce
925 2139 1054 2212 replicet,
1076 2136 1161 2216 quod
1182 2137 1359 2201 011101010-

202 2232 290 2312 poris
313 2237 508 2297 momentum
531 2233 746 2313 progreditur,
772 2234 819 2298 ita
840 2241 877 2298 ut
898 2234 1015 2300 sensim
1037 2231 1106 2299 fieri
1128 2233 1358 2300 0100001000

205 2328 378 2408 videamus,
402 2347 465 2410 qua
485 2328 519 2394 in
538 2348 575 2394 re
596 2333 717 2396 10111000
738 2335 943 2407 explicationis
965 2333 1224 2412 distinguendum
1248 2337 1298 2396 est
1319 2331 1360 2396 ab

204 2445 252 2506 00,
275 2426 330 2506 qui
344 2426 463 2506 excipit
477 2426 610 2506 initium,
633 2432 773 2490 citeriore
782 2449 943 2505 progressu
959 2429 1036 2494 eius.
1081 2430 1188 2494 Primo
1208 2430 1263 2493 illo
1280 2437 1359 2493 tem·

202 2524 290 2604 poris
321 2528 591 2604 momentaque
619 2526 703 2591 actio
730 2527 872 2593 nascitur
900 2534 933 2592 et
965 2545 1005 2591 en
1033 2527 1196 2591 voluntate
1221 2527 1360 2592 subiecti

204 2621 296 2700 quasi
317 2621 435 2702 prodit,
458 2620 561 2688 adhue
582 2621 739 2688 incertum
763 2628 825 2703 est,
848 2625 1005 2702 quomodo
1027 2643 1061 2689 se
1083 2624 1139 2688 illa
1159 2624 1296 2704 amplius
1317 2625 1361 2688 011

203 2719 416 2800 explicatura,
449 2739 521 2788 cum
550 2720 685 2786 diversis
711 2721 814 2786 modis
843 2721 904 2788 hoc
933 2719 1003 2786 fieri
1033 2724 1143 2802 possit.
1189 2721 1278 2802 Opus
1308 2727 1360 2784 est

205 2815 305 2896 igitur
326 2817 386 2882 hoc
413 2817 517 2897 ipsum
539 2819 721 2884 accuratius
743 2819 894 2884 constitui
920 2819 983 2883 iam
1009 2820 1084 2884 inde
1111 2820 1152 2885 ab
1174 2820 1244 2900 1000
1266 2818 1358 2882 101110

200 2913 351 2993 actionis,
379 2915 464 2993 quod
486 2911 538 2994 fit,
567 2915 594 2983 ai
616 2914 777 2980 obiectum
799 2914 950 2996 offertur,
978 2919 1063 2996 quod
1088 2919 1244 2983 actionem
1266 2915 1358 2997 quasi

201 3009 236 3073 in
251 3027 285 3074 se
301 3010 411 3092 dirigit
431 3029 565 3092 eamque
580 3011 640 3077 hoc
656 3012 749 3077 modo
765 3015 938 3080 constituit.
985 3016 1045 3082 Hic
1069 3016 1131 3081 dici
1146 3020 1256 3095 001001
1271 3033 1356 3076 accc-

200 3111 314 3171 aoiious
336 3111 513 3174 directionis.
545 3108 609 3176 Sed
631 3109 710 3176 haec
731 3111 802 3191 ipsa
823 3111 956 3176 directio
979 3114 1096 3178 iterum
1119 3113 1239 3194 duplici
1262 3113 1356 3175 modo

200 3211 309 3284 potest
337 3206 482 3286 cogitari.
526 3210 593 3273 Aut
621 3208 703 3274 enim
732 3209 773 3275 ab
802 3208 893 3273 initio
915 3215 1024 3289 potest
1051 3211 1218 3291 constitui,
1252 3210 1298 3274 ita
1320 3214 1357 3272 ut

199 3301 378 3370 subiectum
401 3303 562 3371 obiectum
584 3323 677 3372 suum
700 3305 790 3386 quasi
812 3313 848 3370 ut
870 3313 1023 3386 punctum
1045 3307 1112 3373 sive
1133 3307 1265 3388 propius
1288 3305 1355 3370 sive

200 3396 327 3478 longius
349 3406 507 3466 remotum
531 3403 721 3483 consideret,
745 3403 786 3468 ad
800 3406 886 3483 quod
900 3406 1013 3471 tendat
1035 3407 1128 3486 actio,
1152 3405 1237 3486 quod
1260 3404 1287 3469 01
1307 3400 1355 3481 fit,

197 3497 398 3563 aecusativus
420 3500 594 3580 respondet
616 3502 657 3567 ud
685 3502 956 3582 interrogationes
982 3507 1073 3580 quoi,
1107 3507 1280 3580 0000009,
1312 3503 1355 3566 01-

196 3593 305 3673 101100,
328 3600 469 3674 autres,
492 3612 573 3675 quae
589 3597 794 3664 directionem
815 3601 996 3679 constituit,
1021 3601 1163 3668 subiecto
1184 3601 1261 3666 item
1282 3617 1356 3680 spe-

199 3689 247 3757 cie
270 3692 464 3758 extensionis
495 3711 529 3758 se
552 3694 721 3760 ostendere
750 3701 856 3776 001001
884 3698 952 3762 sive
979 3699 1068 3779 viae,
1101 3715 1263 3786 cumque
1291 3699 1354 3779 via,

198 3805 262 3868 qua
284 3790 366 3856 actio
390 3790 476 3856 itura
498 3795 563 3871 est,
586 3798 790 3872 comparetur
812 3798 845 3859 et
868 3797 1042 3862 secundum
1065 3815 1161 3877 quarn
1183 3796 1353 3878 dirigatur,

194 3888 280 3966 quod
303 3887 358 3952 ubi
380 3885 425 3968 fit,
449 3888 651 3956 accusativus
666 3891 839 3972 respondet
853 3892 894 3957 ad
910 3892 1180 3976 interrogationes
1194 3913 1355 3970 0000010

195 3987 322 4056 mermi,
343 3988 503 4050 secuudum
523 4005 609 4063 0000
631 3990 756 4060 terami,
778 3991 862 4055 altro
881 4009 968 4064 0000
990 3993 1113 4063 mermi,
1132 3999 1354 4073 praeterquam

193 4082 311 4146 100001
347 4081 631 4162 (0100000110ίὲ)
662 4085 805 4164 aliasque
841 4086 936 4155 huius
969 4089 1106 4168 generis.
1157 4087 1352 4167 Plerumque

192 4182 294 4258 ugrtur
322 4178 373 4246 hic
401 4188 451 4246 est
477 4184 678 4248 0000001101ιο
706 4183 781 4263 loci,
815 4185 870 4264 qui
903 4189 1010 4250 tomen
1039 4187 1134 4252 etiam
1161 4185 1194 4251 in
1220 4184 1352 4266 ideales,
