<?xml version="1.0" encoding="UTF-8"?>
<!DOCTYPE html PUBLIC "-//W3C//DTD XHTML 1.0 Transitional//EN"
    "http://www.w3.org/TR/xhtml1/DTD/xhtml1-transitional.dtd">
<html xmlns="http://www.w3.org/1999/xhtml" xml:lang="en" lang="en">
 <head>
  <title>
</title>
<meta http-equiv="Content-Type" content="text/html;charset=utf-8" />
  <meta name='ocr-system' content='tesseract 3.04.00' />
  <meta name='ocr-capabilities' content='ocr_page ocr_carea ocr_par ocr_line ocrx_word'/>
</head>
<body>
  <div class='ocr_page' id='page_1' title='image "./syntaxispriscor01holtgoog_0425.png"; bbox 0 0 3004 4764; ppageno 0'>
   <div class='ocr_carea' id='block_1_1' title="bbox 214 185 919 260">
    <p class='ocr_par' dir='ltr' id='par_1_1' title="bbox 214 185 919 260">
     <span class='ocr_line' id='line_1_1' title="bbox 214 185 919 260; baseline -0.043 -2"><span class='ocrx_word' id='word_1_1' title='bbox 214 201 276 260; x_wconf 84' lang='grc'><strong>408</strong></span> <span class='ocrx_word' id='word_1_2' title='bbox 654 187 782 230; x_wconf 70' lang='lat' dir='ltr'><strong>cuonone</strong></span> <span class='ocrx_word' id='word_1_3' title='bbox 796 187 860 228; x_wconf 78' lang='lat' dir='ltr'><strong>one.</strong></span> <span class='ocrx_word' id='word_1_4' title='bbox 881 185 919 228; x_wconf 83' lang='lat' dir='ltr'><strong>vr.</strong></span> 
     </span>
    </p>
   </div>
   <div class='ocr_carea' id='block_1_2' title="bbox 207 358 1469 3958">
    <p class='ocr_par' dir='ltr' id='par_1_2' title="bbox 212 358 1469 544">
     <span class='ocr_line' id='line_1_2' title="bbox 213 358 1396 444; baseline -0.004 -17"><span class='ocrx_word' id='word_1_5' title='bbox 213 369 294 442; x_wconf 89' lang='lat' dir='ltr'><strong>dem,</strong></span> <span class='ocrx_word' id='word_1_6' title='bbox 326 385 432 444; x_wconf 84' lang='lat' dir='ltr'><strong>penem</strong></span> <span class='ocrx_word' id='word_1_7' title='bbox 455 371 587 428; x_wconf 76' lang='lat' dir='ltr'><strong>ostentat</strong></span> <span class='ocrx_word' id='word_1_8' title='bbox 609 367 718 434; x_wconf 80' lang='lat' dir='ltr'><strong>ultera,</strong></span> <span class='ocrx_word' id='word_1_9' title='bbox 740 362 868 428; x_wconf 77' lang='lat' dir='ltr'><strong>Terent.</strong></span> <span class='ocrx_word' id='word_1_10' title='bbox 892 362 950 427; x_wconf 80' lang='lat' dir='ltr'><strong>Ad.</strong></span> <span class='ocrx_word' id='word_1_11' title='bbox 972 359 998 440; x_wconf 99' lang='grc' dir='ltr'>Ι,</span> <span class='ocrx_word' id='word_1_12' title='bbox 1020 365 1052 442; x_wconf 85' lang='grc'>2,</span> <span class='ocrx_word' id='word_1_13' title='bbox 1075 362 1134 440; x_wconf 84' lang='lat' dir='ltr'><strong>to,</strong></span> <span class='ocrx_word' id='word_1_14' title='bbox 1157 365 1190 428; x_wconf 88' lang='lat' dir='ltr'><strong>et</strong></span> <span class='ocrx_word' id='word_1_15' title='bbox 1209 358 1244 424; x_wconf 88' lang='lat' dir='ltr'><strong>in</strong></span> <span class='ocrx_word' id='word_1_16' title='bbox 1264 372 1396 422; x_wconf 88' lang='lat' dir='ltr'><strong>exem-</strong></span> 
     </span>
     <span class='ocr_line' id='line_1_3' title="bbox 212 459 1469 544; baseline -0.001 -18"><span class='ocrx_word' id='word_1_17' title='bbox 212 461 275 543; x_wconf 89' lang='lat' dir='ltr'><strong>plis</strong></span> <span class='ocrx_word' id='word_1_18' title='bbox 298 460 324 544; x_wconf 66' lang='grc' dir='ltr'><strong>ἓ.</strong></span> <span class='ocrx_word' id='word_1_19' title='bbox 349 467 386 528; x_wconf 93' lang='grc'>21</span> <span class='ocrx_word' id='word_1_20' title='bbox 411 461 524 527; x_wconf 86' lang='lat' dir='ltr'><strong>nllutis.</strong></span> <span class='ocrx_word' id='word_1_21' title='bbox 1468 459 1469 486; x_wconf 61' lang='lat'><em>⁴</em></span> 
     </span>
    </p>

    <p class='ocr_par' dir='ltr' id='par_1_3' title="bbox 212 551 1389 831">
     <span class='ocr_line' id='line_1_4' title="bbox 299 551 1389 640; baseline -0.01 -14"><span class='ocrx_word' id='word_1_22' title='bbox 299 579 325 626; x_wconf 89' lang='lat' dir='ltr'><strong>c.</strong></span> <span class='ocrx_word' id='word_1_23' title='bbox 348 559 548 625; x_wconf 84' lang='lat' dir='ltr'><strong>Correletum</strong></span> <span class='ocrx_word' id='word_1_24' title='bbox 569 557 750 640; x_wconf 75' lang='lat' dir='ltr'><strong>negativum</strong></span> <span class='ocrx_word' id='word_1_25' title='bbox 773 555 967 638; x_wconf 82' lang='lat' dir='ltr'>pronominis</span> <span class='ocrx_word' id='word_1_26' title='bbox 988 559 1063 622; x_wconf 77' lang='lat' dir='ltr'><strong>ulter</strong></span> <span class='ocrx_word' id='word_1_27' title='bbox 1083 558 1132 622; x_wconf 87' lang='lat' dir='ltr'><strong>est</strong></span> <span class='ocrx_word' id='word_1_28' title='bbox 1146 561 1259 632; x_wconf 72' lang='lat' dir='ltr'><strong>muer,</strong></span> <span class='ocrx_word' id='word_1_29' title='bbox 1282 551 1389 632; x_wconf 87' lang='lat' dir='ltr'><strong>qnod</strong></span> 
     </span>
     <span class='ocr_line' id='line_1_5' title="bbox 212 653 1386 739; baseline -0.008 -17"><span class='ocrx_word' id='word_1_30' title='bbox 212 657 332 739; x_wconf 76' lang='lat' dir='ltr'><strong>legitur</strong></span> <span class='ocrx_word' id='word_1_31' title='bbox 357 660 486 738; x_wconf 85' lang='lat' dir='ltr'><strong>praeter</strong></span> <span class='ocrx_word' id='word_1_32' title='bbox 516 655 594 721; x_wconf 82' lang='lat' dir='ltr'><strong>ulios</strong></span> <span class='ocrx_word' id='word_1_33' title='bbox 623 655 710 721; x_wconf 86' lang='lat' dir='ltr'><strong>locos</strong></span> <span class='ocrx_word' id='word_1_34' title='bbox 736 654 840 720; x_wconf 83' lang='lat' dir='ltr'><strong>Plent.</strong></span> <span class='ocrx_word' id='word_1_35' title='bbox 868 654 1064 722; x_wconf 82' lang='lat' dir='ltr'><strong>Menaechm.</strong></span> <span class='ocrx_word' id='word_1_36' title='bbox 1095 653 1138 730; x_wconf 90' lang='lat' dir='ltr'><strong>V,</strong></span> <span class='ocrx_word' id='word_1_37' title='bbox 1167 655 1201 732; x_wconf 92' lang='grc'>2,</span> <span class='ocrx_word' id='word_1_38' title='bbox 1232 654 1287 716; x_wconf 78' lang='lat'><strong>35:</strong></span> <span class='ocrx_word' id='word_1_39' title='bbox 1334 653 1386 715; x_wconf 85' lang='lat' dir='ltr'><strong>Ut</strong></span> 
     </span>
     <span class='ocr_line' id='line_1_6' title="bbox 213 755 1020 831; baseline -0.002 -13"><span class='ocrx_word' id='word_1_40' title='bbox 213 773 345 831; x_wconf 75' lang='lat' dir='ltr'><strong>beveres,</strong></span> <span class='ocrx_word' id='word_1_41' title='bbox 367 761 469 818; x_wconf 73' lang='lat' dir='ltr'><strong>uentu</strong></span> <span class='ocrx_word' id='word_1_42' title='bbox 489 757 528 816; x_wconf 82' lang='lat' dir='ltr'><strong>ed</strong></span> <span class='ocrx_word' id='word_1_43' title='bbox 549 773 596 816; x_wconf 90' lang='lat' dir='ltr'><strong>me</strong></span> <span class='ocrx_word' id='word_1_44' title='bbox 618 757 703 816; x_wconf 89' lang='lat' dir='ltr'><strong>iretis</strong></span> <span class='ocrx_word' id='word_1_45' title='bbox 726 773 791 816; x_wconf 91' lang='lat' dir='ltr'><strong>cum</strong></span> <span class='ocrx_word' id='word_1_46' title='bbox 814 755 1020 831; x_wconf 75' lang='lat' dir='ltr'><strong>querimonia?</strong></span> 
     </span>
    </p>

    <p class='ocr_par' dir='ltr' id='par_1_4' title="bbox 208 845 1381 1129">
     <span class='ocr_line' id='line_1_7' title="bbox 297 845 1381 932; baseline -0.006 -16"><span class='ocrx_word' id='word_1_47' title='bbox 297 852 327 916; x_wconf 90' lang='lat' dir='ltr'><strong>d.</strong></span> <span class='ocrx_word' id='word_1_48' title='bbox 357 851 475 918; x_wconf 76' lang='lat' dir='ltr'><strong>Uteruu&#39;e</strong></span> <span class='ocrx_word' id='word_1_49' title='bbox 496 848 664 932; x_wconf 80' lang='lat' dir='ltr'><strong>significet:</strong></span> <span class='ocrx_word' id='word_1_50' title='bbox 698 855 806 916; x_wconf 86' lang='lat' dir='ltr'><strong>utrum</strong></span> <span class='ocrx_word' id='word_1_51' title='bbox 828 850 962 916; x_wconf 89' lang='lat' dir='ltr'><strong>duorum</strong></span> <span class='ocrx_word' id='word_1_52' title='bbox 985 851 1043 929; x_wconf 91' lang='lat' dir='ltr'><strong>vis,</strong></span> <span class='ocrx_word' id='word_1_53' title='bbox 1066 853 1102 914; x_wconf 89' lang='lat' dir='ltr'><strong>ut</strong></span> <span class='ocrx_word' id='word_1_54' title='bbox 1124 848 1226 914; x_wconf 82' lang='lat' dir='ltr'><strong>Plout.</strong></span> <span class='ocrx_word' id='word_1_55' title='bbox 1247 845 1381 912; x_wconf 83' lang='lat' dir='ltr'><strong>Pseud.</strong></span> 
     </span>
     <span class='ocr_line' id='line_1_8' title="bbox 212 943 1379 1030; baseline -0.004 -15"><span class='ocrx_word' id='word_1_56' title='bbox 212 949 238 1030; x_wconf 91' lang='grc' dir='ltr'>Ι,</span> <span class='ocrx_word' id='word_1_57' title='bbox 264 955 291 1029; x_wconf 93' lang='lat' dir='ltr'><strong>l,</strong></span> <span class='ocrx_word' id='word_1_58' title='bbox 318 955 392 1014; x_wconf 85' lang='lat'>121:</span> <span class='ocrx_word' id='word_1_59' title='bbox 429 953 475 1012; x_wconf 90' lang='lat' dir='ltr'><strong>De</strong></span> <span class='ocrx_word' id='word_1_60' title='bbox 498 953 630 1013; x_wconf 79' lang='lat' dir='ltr'><strong>intuere</strong></span> <span class='ocrx_word' id='word_1_61' title='bbox 653 952 684 1009; x_wconf 93' lang='lat' dir='ltr'><strong>in</strong></span> <span class='ocrx_word' id='word_1_62' title='bbox 707 953 822 1012; x_wconf 91' lang='lat' dir='ltr'><strong>oculum</strong></span> <span class='ocrx_word' id='word_1_63' title='bbox 837 952 983 1011; x_wconf 81' lang='lat' dir='ltr'><strong>utrumuis</strong></span> <span class='ocrx_word' id='word_1_64' title='bbox 998 951 1208 1026; x_wconf 85' lang='lat' dir='ltr'><strong>conquiescito.</strong></span> <span class='ocrx_word' id='word_1_65' title='bbox 1236 943 1379 1010; x_wconf 81' lang='lat' dir='ltr'><strong>Terent.</strong></span> 
     </span>
     <span class='ocr_line' id='line_1_9' title="bbox 208 1047 1277 1129; baseline -0.007 -16"><span class='ocrx_word' id='word_1_66' title='bbox 208 1048 310 1113; x_wconf 70' lang='lat' dir='ltr'><strong>Andr.</strong></span> <span class='ocrx_word' id='word_1_67' title='bbox 333 1047 411 1129; x_wconf 89' lang='lat' dir='ltr'><strong>prol.</strong></span> <span class='ocrx_word' id='word_1_68' title='bbox 434 1066 463 1112; x_wconf 84' lang='lat' dir='ltr'><strong>v.</strong></span> <span class='ocrx_word' id='word_1_69' title='bbox 489 1051 543 1111; x_wconf 90' lang='lat'><strong>10:</strong></span> <span class='ocrx_word' id='word_1_70' title='bbox 566 1049 625 1126; x_wconf 76' lang='lat' dir='ltr'><strong>Qui</strong></span> <span class='ocrx_word' id='word_1_71' title='bbox 646 1050 792 1109; x_wconf 61' lang='lat' dir='ltr'><strong>urrunnun</strong></span> <span class='ocrx_word' id='word_1_72' title='bbox 814 1055 896 1109; x_wconf 89' lang='lat' dir='ltr'><strong>reete</strong></span> <span class='ocrx_word' id='word_1_73' title='bbox 917 1049 1004 1123; x_wconf 87' lang='lat' dir='ltr'><strong>norit,</strong></span> <span class='ocrx_word' id='word_1_74' title='bbox 1028 1048 1129 1108; x_wconf 84' lang='lat' dir='ltr'><strong>embas</strong></span> <span class='ocrx_word' id='word_1_75' title='bbox 1152 1047 1277 1106; x_wconf 88' lang='lat' dir='ltr'><strong>noverit.</strong></span> 
     </span>
    </p>

    <p class='ocr_par' dir='ltr' id='par_1_5' title="bbox 207 1141 1375 3550">
     <span class='ocr_line' id='line_1_10' title="bbox 300 1141 1375 1226; baseline -0.004 -16"><span class='ocrx_word' id='word_1_76' title='bbox 300 1163 325 1210; x_wconf 91' lang='lat' dir='ltr'><strong>e.</strong></span> <span class='ocrx_word' id='word_1_77' title='bbox 355 1148 482 1221; x_wconf 77' lang='lat' dir='ltr'><strong>Uterque</strong></span> <span class='ocrx_word' id='word_1_78' title='bbox 511 1145 596 1209; x_wconf 91' lang='lat' dir='ltr'><strong>idem</strong></span> <span class='ocrx_word' id='word_1_79' title='bbox 626 1148 677 1209; x_wconf 89' lang='lat' dir='ltr'><strong>est</strong></span> <span class='ocrx_word' id='word_1_80' title='bbox 702 1162 731 1224; x_wconf 90' lang='lat' dir='ltr'><strong>q.</strong></span> <span class='ocrx_word' id='word_1_81' title='bbox 759 1144 892 1226; x_wconf 85' lang='lat' dir='ltr'><strong>quisque</strong></span> <span class='ocrx_word' id='word_1_82' title='bbox 922 1145 1057 1210; x_wconf 92' lang='lat' dir='ltr'><strong>duorum</strong></span> <span class='ocrx_word' id='word_1_83' title='bbox 1080 1141 1265 1223; x_wconf 84' lang='lat' dir='ltr'><strong>singillatim</strong></span> <span class='ocrx_word' id='word_1_84' title='bbox 1292 1159 1375 1222; x_wconf 85' lang='lat' dir='ltr'><strong>spe-</strong></span> 
     </span>
     <span class='ocr_line' id='line_1_11' title="bbox 215 1239 1375 1322; baseline -0.004 -14"><span class='ocrx_word' id='word_1_85' title='bbox 215 1245 329 1322; x_wconf 76' lang='lat' dir='ltr'><strong>ctatus,</strong></span> <span class='ocrx_word' id='word_1_86' title='bbox 354 1249 387 1307; x_wconf 89' lang='lat' dir='ltr'><strong>et</strong></span> <span class='ocrx_word' id='word_1_87' title='bbox 408 1241 516 1307; x_wconf 85' lang='lat' dir='ltr'><strong>differt</strong></span> <span class='ocrx_word' id='word_1_88' title='bbox 537 1242 578 1307; x_wconf 84' lang='lat' dir='ltr'><strong>ab</strong></span> <span class='ocrx_word' id='word_1_89' title='bbox 601 1245 696 1321; x_wconf 85' lang='lat' dir='ltr'><strong>unbo,</strong></span> <span class='ocrx_word' id='word_1_90' title='bbox 720 1241 804 1322; x_wconf 87' lang='lat' dir='ltr'><strong>quod</strong></span> <span class='ocrx_word' id='word_1_91' title='bbox 826 1243 907 1306; x_wconf 88' lang='lat' dir='ltr'><strong>duos</strong></span> <span class='ocrx_word' id='word_1_92' title='bbox 929 1240 1113 1306; x_wconf 89' lang='lat' dir='ltr'><strong>coniunctos</strong></span> <span class='ocrx_word' id='word_1_93' title='bbox 1129 1239 1287 1320; x_wconf 83' lang='lat' dir='ltr'><strong>exprimit,</strong></span> <span class='ocrx_word' id='word_1_94' title='bbox 1313 1241 1375 1319; x_wconf 85' lang='lat' dir='ltr'><strong>qui</strong></span> 
     </span>
     <span class='ocr_line' id='line_1_12' title="bbox 211 1336 1372 1421; baseline -0.003 -16"><span class='ocrx_word' id='word_1_95' title='bbox 211 1357 276 1414; x_wconf 83' lang='lat' dir='ltr'><strong>nne</strong></span> <span class='ocrx_word' id='word_1_96' title='bbox 313 1341 380 1405; x_wconf 87' lang='lat' dir='ltr'><strong>sive</strong></span> <span class='ocrx_word' id='word_1_97' title='bbox 412 1357 475 1404; x_wconf 93' lang='lat' dir='ltr'><strong>uno</strong></span> <span class='ocrx_word' id='word_1_98' title='bbox 512 1344 656 1421; x_wconf 88' lang='lat' dir='ltr'><strong>tempore</strong></span> <span class='ocrx_word' id='word_1_99' title='bbox 686 1339 805 1419; x_wconf 85' lang='lat' dir='ltr'><strong>aliquid</strong></span> <span class='ocrx_word' id='word_1_100' title='bbox 832 1337 961 1404; x_wconf 85' lang='lat' dir='ltr'><strong>faciunt.</strong></span> <span class='ocrx_word' id='word_1_101' title='bbox 1012 1336 1200 1404; x_wconf 86' lang='lat' dir='ltr'><strong>Differentin</strong></span> <span class='ocrx_word' id='word_1_102' title='bbox 1228 1337 1372 1402; x_wconf 82' lang='lat' dir='ltr'><strong>maxime</strong></span> 
     </span>
     <span class='ocr_line' id='line_1_13' title="bbox 210 1434 1373 1519; baseline -0.003 -17"><span class='ocrx_word' id='word_1_103' title='bbox 210 1439 382 1519; x_wconf 85' lang='lat' dir='ltr'><strong>perspicua</strong></span> <span class='ocrx_word' id='word_1_104' title='bbox 411 1442 462 1502; x_wconf 91' lang='lat' dir='ltr'><strong>est</strong></span> <span class='ocrx_word' id='word_1_105' title='bbox 489 1456 527 1502; x_wconf 87' lang='lat' dir='ltr'><strong>ex</strong></span> <span class='ocrx_word' id='word_1_106' title='bbox 554 1437 622 1503; x_wconf 91' lang='lat' dir='ltr'><strong>loco</strong></span> <span class='ocrx_word' id='word_1_107' title='bbox 650 1437 791 1502; x_wconf 84' lang='lat' dir='ltr'><strong>Terentii</strong></span> <span class='ocrx_word' id='word_1_108' title='bbox 821 1436 879 1501; x_wconf 89' lang='lat' dir='ltr'><strong>Ad.</strong></span> <span class='ocrx_word' id='word_1_109' title='bbox 907 1442 934 1516; x_wconf 91' lang='lat'><strong>1,</strong></span> <span class='ocrx_word' id='word_1_110' title='bbox 963 1442 993 1517; x_wconf 84' lang='lat'><strong>2,</strong></span> <span class='ocrx_word' id='word_1_111' title='bbox 1024 1441 1064 1502; x_wconf 81' lang='lat'><strong>50</strong></span> <span class='ocrx_word' id='word_1_112' title='bbox 1093 1453 1173 1517; x_wconf 87' lang='lat' dir='ltr'><strong>sqq.:</strong></span> <span class='ocrx_word' id='word_1_113' title='bbox 1220 1434 1373 1499; x_wconf 87' lang='lat' dir='ltr'><strong>Curemus</strong></span> 
     </span>
     <span class='ocr_line' id='line_1_14' title="bbox 213 1538 1371 1613; baseline -0.003 -15"><span class='ocrx_word' id='word_1_114' title='bbox 213 1555 337 1613; x_wconf 81' lang='lat' dir='ltr'><strong>nequem</strong></span> <span class='ocrx_word' id='word_1_115' title='bbox 368 1542 488 1612; x_wconf 78' lang='lat' dir='ltr'><strong>uterque</strong></span> <span class='ocrx_word' id='word_1_116' title='bbox 523 1544 654 1613; x_wconf 81' lang='lat' dir='ltr'><strong>partem:</strong></span> <span class='ocrx_word' id='word_1_117' title='bbox 692 1544 724 1596; x_wconf 92' lang='lat' dir='ltr'><strong>tu</strong></span> <span class='ocrx_word' id='word_1_118' title='bbox 758 1540 898 1606; x_wconf 78' lang='lat' dir='ltr'><strong>alterum,</strong></span> <span class='ocrx_word' id='word_1_119' title='bbox 936 1555 990 1611; x_wconf 81' lang='lat' dir='ltr'><strong>ego</strong></span> <span class='ocrx_word' id='word_1_120' title='bbox 1027 1538 1099 1596; x_wconf 88' lang='lat' dir='ltr'><strong>item</strong></span> <span class='ocrx_word' id='word_1_121' title='bbox 1127 1538 1264 1596; x_wconf 82' lang='lat' dir='ltr'><strong>alterum.</strong></span> <span class='ocrx_word' id='word_1_122' title='bbox 1295 1553 1371 1596; x_wconf 83' lang='lat' dir='ltr'><strong>num</strong></span> 
     </span>
     <span class='ocr_line' id='line_1_15' title="bbox 214 1630 1372 1711; baseline 0 -16"><span class='ocrx_word' id='word_1_123' title='bbox 214 1651 319 1695; x_wconf 80' lang='lat' dir='ltr'><strong>curere</strong></span> <span class='ocrx_word' id='word_1_124' title='bbox 343 1637 442 1696; x_wconf 83' lang='lat' dir='ltr'><strong>umbos</strong></span> <span class='ocrx_word' id='word_1_125' title='bbox 461 1638 675 1711; x_wconf 82' lang='lat' dir='ltr'><strong>propemodum</strong></span> <span class='ocrx_word' id='word_1_126' title='bbox 697 1637 869 1709; x_wconf 86' lang='lat' dir='ltr'><strong>Reposcere</strong></span> <span class='ocrx_word' id='word_1_127' title='bbox 891 1637 1005 1695; x_wconf 87' lang='lat' dir='ltr'><strong>illumst</strong></span> <span class='ocrx_word' id='word_1_128' title='bbox 1026 1651 1112 1709; x_wconf 89' lang='lat' dir='ltr'><strong>quem</strong></span> <span class='ocrx_word' id='word_1_129' title='bbox 1135 1634 1252 1694; x_wconf 90' lang='lat' dir='ltr'><strong>dedisti.</strong></span> <span class='ocrx_word' id='word_1_130' title='bbox 1292 1630 1372 1695; x_wconf 78' lang='lat' dir='ltr'><strong>Alia</strong></span> 
     </span>
     <span class='ocr_line' id='line_1_16' title="bbox 212 1727 1369 1812; baseline -0.005 -16"><span class='ocrx_word' id='word_1_131' title='bbox 212 1729 357 1812; x_wconf 82' lang='lat' dir='ltr'><strong>exempla</strong></span> <span class='ocrx_word' id='word_1_132' title='bbox 388 1731 579 1812; x_wconf 84' lang='lat' dir='ltr'><strong>pronominis</strong></span> <span class='ocrx_word' id='word_1_133' title='bbox 603 1735 686 1792; x_wconf 79' lang='lat' dir='ltr'><strong>ambo</strong></span> <span class='ocrx_word' id='word_1_134' title='bbox 709 1734 783 1795; x_wconf 88' lang='lat' dir='ltr'><strong>sunt</strong></span> <span class='ocrx_word' id='word_1_135' title='bbox 805 1729 907 1796; x_wconf 85' lang='lat' dir='ltr'><strong>Pleut.</strong></span> <span class='ocrx_word' id='word_1_136' title='bbox 932 1729 1028 1796; x_wconf 86' lang='lat' dir='ltr'><strong>Stich.</strong></span> <span class='ocrx_word' id='word_1_137' title='bbox 1052 1727 1090 1808; x_wconf 90' lang='lat' dir='ltr'><strong>V,</strong></span> <span class='ocrx_word' id='word_1_138' title='bbox 1112 1735 1142 1806; x_wconf 88' lang='grc'><strong>4,</strong></span> <span class='ocrx_word' id='word_1_139' title='bbox 1166 1734 1222 1794; x_wconf 82' lang='lat'><strong>50:</strong></span> <span class='ocrx_word' id='word_1_140' title='bbox 1268 1731 1369 1792; x_wconf 85' lang='lat' dir='ltr'><strong>Unum</strong></span> 
     </span>
     <span class='ocr_line' id='line_1_17' title="bbox 211 1827 1371 1906; baseline -0.002 -16"><span class='ocrx_word' id='word_1_141' title='bbox 211 1833 335 1892; x_wconf 83' lang='lat' dir='ltr'><strong>emicem</strong></span> <span class='ocrx_word' id='word_1_142' title='bbox 368 1849 498 1893; x_wconf 83' lang='lat' dir='ltr'><strong>emamus</strong></span> <span class='ocrx_word' id='word_1_143' title='bbox 531 1832 616 1890; x_wconf 82' lang='lat' dir='ltr'><strong>urubo</strong></span> <span class='ocrx_word' id='word_1_144' title='bbox 644 1832 676 1892; x_wconf 86' lang='lat' dir='ltr'><strong>et</strong></span> <span class='ocrx_word' id='word_1_145' title='bbox 705 1828 831 1892; x_wconf 86' lang='lat' dir='ltr'><strong>Terent.</strong></span> <span class='ocrx_word' id='word_1_146' title='bbox 860 1827 941 1893; x_wconf 89' lang='lat' dir='ltr'><strong>Eun.</strong></span> <span class='ocrx_word' id='word_1_147' title='bbox 973 1827 1032 1906; x_wconf 91' lang='lat' dir='ltr'><strong>IV,</strong></span> <span class='ocrx_word' id='word_1_148' title='bbox 1061 1833 1098 1898; x_wconf 84' lang='lat'><strong>4,</strong></span> <span class='ocrx_word' id='word_1_149' title='bbox 1122 1831 1178 1893; x_wconf 83' lang='lat'><strong>34:</strong></span> <span class='ocrx_word' id='word_1_150' title='bbox 1216 1837 1286 1905; x_wconf 90' lang='lat' dir='ltr'><strong>post</strong></span> <span class='ocrx_word' id='word_1_151' title='bbox 1306 1847 1371 1889; x_wconf 86' lang='lat' dir='ltr'><strong>unu</strong></span> 
     </span>
     <span class='ocr_line' id='line_1_18' title="bbox 210 1923 1368 2000; baseline 0.002 -14"><span class='ocrx_word' id='word_1_152' title='bbox 210 1929 296 1988; x_wconf 84' lang='lat' dir='ltr'><strong>umbo</strong></span> <span class='ocrx_word' id='word_1_153' title='bbox 324 1929 461 1988; x_wconf 82' lang='lat' dir='ltr'><strong>obierunt</strong></span> <span class='ocrx_word' id='word_1_154' title='bbox 489 1926 581 1988; x_wconf 85' lang='lat' dir='ltr'><strong>iores.</strong></span> <span class='ocrx_word' id='word_1_155' title='bbox 628 1929 754 2000; x_wconf 76' lang='lat' dir='ltr'><strong>Uterque</strong></span> <span class='ocrx_word' id='word_1_156' title='bbox 781 1925 878 1990; x_wconf 83' lang='lat' dir='ltr'><strong>habes</strong></span> <span class='ocrx_word' id='word_1_157' title='bbox 906 1925 939 1989; x_wconf 93' lang='lat' dir='ltr'><strong>in</strong></span> <span class='ocrx_word' id='word_1_158' title='bbox 961 1924 1010 1989; x_wconf 81' lang='lat' dir='ltr'><strong>his</strong></span> <span class='ocrx_word' id='word_1_159' title='bbox 1031 1923 1118 1990; x_wconf 84' lang='lat' dir='ltr'><strong>locis.</strong></span> <span class='ocrx_word' id='word_1_160' title='bbox 1163 1923 1242 1990; x_wconf 83' lang='lat' dir='ltr'><strong>Cato</strong></span> <span class='ocrx_word' id='word_1_161' title='bbox 1264 1924 1303 1988; x_wconf 85' lang='lat' dir='ltr'><strong>R.</strong></span> <span class='ocrx_word' id='word_1_162' title='bbox 1329 1924 1368 1988; x_wconf 90' lang='lat' dir='ltr'><strong>R.</strong></span> 
     </span>
     <span class='ocr_line' id='line_1_19' title="bbox 210 2023 1369 2101; baseline -0.001 -13"><span class='ocrx_word' id='word_1_163' title='bbox 210 2039 236 2088; x_wconf 87' lang='lat' dir='ltr'><strong>c.</strong></span> <span class='ocrx_word' id='word_1_164' title='bbox 260 2027 314 2086; x_wconf 82' lang='lat'><strong>70:</strong></span> <span class='ocrx_word' id='word_1_165' title='bbox 351 2026 468 2099; x_wconf 88' lang='lat' dir='ltr'><strong>Bosque</strong></span> <span class='ocrx_word' id='word_1_166' title='bbox 496 2025 579 2099; x_wconf 89' lang='lat' dir='ltr'><strong>ipsus</strong></span> <span class='ocrx_word' id='word_1_167' title='bbox 606 2032 637 2085; x_wconf 89' lang='lat' dir='ltr'><strong>et</strong></span> <span class='ocrx_word' id='word_1_168' title='bbox 664 2027 713 2099; x_wconf 90' lang='lat' dir='ltr'><strong>qui</strong></span> <span class='ocrx_word' id='word_1_169' title='bbox 741 2025 836 2101; x_wconf 84' lang='lat' dir='ltr'><strong>dubit,</strong></span> <span class='ocrx_word' id='word_1_170' title='bbox 876 2023 967 2084; x_wconf 81' lang='lat' dir='ltr'><strong>lecito</strong></span> <span class='ocrx_word' id='word_1_171' title='bbox 995 2031 1027 2084; x_wconf 92' lang='lat' dir='ltr'><strong>ut</strong></span> <span class='ocrx_word' id='word_1_172' title='bbox 1056 2029 1176 2098; x_wconf 79' lang='lat' dir='ltr'><strong>uterque</strong></span> <span class='ocrx_word' id='word_1_173' title='bbox 1198 2027 1369 2087; x_wconf 86' lang='lat' dir='ltr'><strong>sublimiter</strong></span> 
     </span>
     <span class='ocr_line' id='line_1_20' title="bbox 210 2118 1363 2200; baseline -0.001 -16"><span class='ocrx_word' id='word_1_174' title='bbox 210 2127 300 2184; x_wconf 88' lang='lat' dir='ltr'><strong>stent.</strong></span> <span class='ocrx_word' id='word_1_175' title='bbox 345 2118 449 2184; x_wconf 83' lang='lat' dir='ltr'><strong>Pleut.</strong></span> <span class='ocrx_word' id='word_1_176' title='bbox 476 2118 588 2200; x_wconf 88' lang='lat' dir='ltr'><strong>Amph.</strong></span> <span class='ocrx_word' id='word_1_177' title='bbox 625 2119 656 2197; x_wconf 89' lang='grc' dir='ltr'><strong>Ι,</strong></span> <span class='ocrx_word' id='word_1_178' title='bbox 694 2124 730 2198; x_wconf 91' lang='lat'><strong>1,</strong></span> <span class='ocrx_word' id='word_1_179' title='bbox 766 2124 822 2183; x_wconf 89' lang='lat'><strong>68:</strong></span> <span class='ocrx_word' id='word_1_180' title='bbox 861 2123 977 2181; x_wconf 88' lang='lat' dir='ltr'><strong>Deinde</strong></span> <span class='ocrx_word' id='word_1_181' title='bbox 1004 2126 1126 2194; x_wconf 74' lang='lat' dir='ltr'><strong>uterque</strong></span> <span class='ocrx_word' id='word_1_182' title='bbox 1147 2125 1363 2199; x_wconf 79' lang='lat' dir='ltr'><strong>imperatorin</strong></span> 
     </span>
     <span class='ocr_line' id='line_1_21' title="bbox 210 2216 1368 2298; baseline 0.003 -18"><span class='ocrx_word' id='word_1_183' title='bbox 210 2221 337 2280; x_wconf 86' lang='lat' dir='ltr'><strong>medium</strong></span> <span class='ocrx_word' id='word_1_184' title='bbox 360 2225 478 2281; x_wconf 84' lang='lat' dir='ltr'><strong>exeunt.</strong></span> <span class='ocrx_word' id='word_1_185' title='bbox 521 2216 614 2298; x_wconf 86' lang='lat' dir='ltr'><strong>Epid.</strong></span> <span class='ocrx_word' id='word_1_186' title='bbox 636 2216 680 2297; x_wconf 91' lang='grc' dir='ltr'>ΙΙ,</span> <span class='ocrx_word' id='word_1_187' title='bbox 703 2221 732 2297; x_wconf 91' lang='grc'>2,</span> <span class='ocrx_word' id='word_1_188' title='bbox 756 2220 810 2280; x_wconf 85' lang='grc'><strong>76;</strong></span> <span class='ocrx_word' id='word_1_189' title='bbox 834 2221 988 2280; x_wconf 86' lang='lat' dir='ltr'><strong>consilium</strong></span> <span class='ocrx_word' id='word_1_190' title='bbox 1011 2251 1049 2263; x_wconf 92' lang='lat'>-</span> <span class='ocrx_word' id='word_1_191' title='bbox 1076 2221 1151 2296; x_wconf 89' lang='lat' dir='ltr'><strong>quod</strong></span> <span class='ocrx_word' id='word_1_192' title='bbox 1175 2221 1304 2284; x_wconf 85' lang='lat' dir='ltr'><strong>laudetis</strong></span> <span class='ocrx_word' id='word_1_193' title='bbox 1325 2253 1368 2264; x_wconf 89' lang='lat'><em>-</em></span> 
     </span>
     <span class='ocr_line' id='line_1_22' title="bbox 208 2314 1366 2395; baseline 0 -17"><span class='ocrx_word' id='word_1_194' title='bbox 208 2322 357 2390; x_wconf 34' lang='lat' dir='ltr'><strong>uterque..</strong></span> <span class='ocrx_word' id='word_1_195' title='bbox 385 2314 428 2394; x_wconf 87' lang='lat' dir='ltr'><strong>V,</strong></span> <span class='ocrx_word' id='word_1_196' title='bbox 465 2320 501 2395; x_wconf 84' lang='lat'><strong>2,</strong></span> <span class='ocrx_word' id='word_1_197' title='bbox 537 2321 594 2382; x_wconf 79' lang='lat'><strong>54:</strong></span> <span class='ocrx_word' id='word_1_198' title='bbox 633 2319 764 2392; x_wconf 78' lang='lat' dir='ltr'><strong>Quemne</strong></span> <span class='ocrx_word' id='word_1_199' title='bbox 798 2319 885 2378; x_wconf 89' lang='lat' dir='ltr'><strong>hodie</strong></span> <span class='ocrx_word' id='word_1_200' title='bbox 914 2335 969 2393; x_wconf 91' lang='lat' dir='ltr'><strong>per</strong></span> <span class='ocrx_word' id='word_1_201' title='bbox 996 2320 1100 2380; x_wconf 85' lang='lat' dir='ltr'><strong>urbem</strong></span> <span class='ocrx_word' id='word_1_202' title='bbox 1121 2323 1243 2392; x_wconf 75' lang='lat' dir='ltr'><strong>uterque</strong></span> <span class='ocrx_word' id='word_1_203' title='bbox 1265 2337 1366 2380; x_wconf 90' lang='lat' dir='ltr'><strong>sumus</strong></span> 
     </span>
     <span class='ocr_line' id='line_1_23' title="bbox 212 2413 1365 2492; baseline 0.001 -17"><span class='ocrx_word' id='word_1_204' title='bbox 212 2413 322 2476; x_wconf 79' lang='lat' dir='ltr'><strong>defessi</strong></span> <span class='ocrx_word' id='word_1_205' title='bbox 350 2415 516 2491; x_wconf 77' lang='lat' dir='ltr'><strong>quaerere?</strong></span> <span class='ocrx_word' id='word_1_206' title='bbox 555 2413 681 2480; x_wconf 87' lang='lat' dir='ltr'><strong>Terent.</strong></span> <span class='ocrx_word' id='word_1_207' title='bbox 710 2414 791 2478; x_wconf 89' lang='lat' dir='ltr'><strong>Eun.</strong></span> <span class='ocrx_word' id='word_1_208' title='bbox 823 2413 865 2492; x_wconf 89' lang='lat' dir='ltr'><strong>V,</strong></span> <span class='ocrx_word' id='word_1_209' title='bbox 900 2418 933 2492; x_wconf 95' lang='grc'>2,</span> <span class='ocrx_word' id='word_1_210' title='bbox 967 2419 1000 2477; x_wconf 86' lang='lat'><strong>1:</strong></span> <span class='ocrx_word' id='word_1_211' title='bbox 1036 2417 1124 2492; x_wconf 88' lang='lat' dir='ltr'><strong>Apud</strong></span> <span class='ocrx_word' id='word_1_212' title='bbox 1145 2417 1365 2492; x_wconf 85' lang='lat' dir='ltr'><strong>Antiphontem</strong></span> 
     </span>
     <span class='ocr_line' id='line_1_24' title="bbox 209 2511 1367 2588; baseline 0.002 -16"><span class='ocrx_word' id='word_1_213' title='bbox 209 2516 343 2586; x_wconf 76' lang='lat' dir='ltr'><strong>uterque,</strong></span> <span class='ocrx_word' id='word_1_214' title='bbox 371 2520 469 2573; x_wconf 83' lang='lat' dir='ltr'><strong>mater</strong></span> <span class='ocrx_word' id='word_1_215' title='bbox 497 2519 528 2574; x_wconf 87' lang='lat' dir='ltr'><strong>et</strong></span> <span class='ocrx_word' id='word_1_216' title='bbox 554 2521 641 2588; x_wconf 87' lang='lat' dir='ltr'><strong>peter</strong></span> <span class='ocrx_word' id='word_1_217' title='bbox 664 2515 756 2587; x_wconf 79' lang='lat' dir='ltr'><strong>Quasi</strong></span> <span class='ocrx_word' id='word_1_218' title='bbox 788 2515 889 2574; x_wconf 83' lang='lat' dir='ltr'><strong>dedite</strong></span> <span class='ocrx_word' id='word_1_219' title='bbox 915 2530 1007 2588; x_wconf 80' lang='lat' dir='ltr'><strong>opere</strong></span> <span class='ocrx_word' id='word_1_220' title='bbox 1034 2515 1111 2574; x_wconf 89' lang='lat' dir='ltr'><strong>domi</strong></span> <span class='ocrx_word' id='word_1_221' title='bbox 1135 2521 1230 2574; x_wconf 82' lang='lat' dir='ltr'><strong>erant.</strong></span> <span class='ocrx_word' id='word_1_222' title='bbox 1274 2511 1367 2576; x_wconf 89' lang='lat' dir='ltr'><strong>Reci-</strong></span> 
     </span>
     <span class='ocr_line' id='line_1_25' title="bbox 211 2607 1361 2690; baseline 0 -18"><span class='ocrx_word' id='word_1_223' title='bbox 211 2625 343 2688; x_wconf 90' lang='lat' dir='ltr'><strong>procum</strong></span> <span class='ocrx_word' id='word_1_224' title='bbox 364 2625 459 2673; x_wconf 90' lang='lat' dir='ltr'><strong>usum</strong></span> <span class='ocrx_word' id='word_1_225' title='bbox 481 2608 644 2673; x_wconf 84' lang='lat' dir='ltr'><strong>ednotevit</strong></span> <span class='ocrx_word' id='word_1_226' title='bbox 665 2607 826 2690; x_wconf 84' lang='lat' dir='ltr'><strong>Reisigius</strong></span> <span class='ocrx_word' id='word_1_227' title='bbox 847 2627 877 2688; x_wconf 92' lang='lat' dir='ltr'><strong>p.</strong></span> <span class='ocrx_word' id='word_1_228' title='bbox 902 2608 1054 2674; x_wconf 78' lang='lat'>3531000</span> <span class='ocrx_word' id='word_1_229' title='bbox 1077 2609 1219 2675; x_wconf 88' lang='lat' dir='ltr'><strong>Terentii</strong></span> <span class='ocrx_word' id='word_1_230' title='bbox 1235 2608 1361 2674; x_wconf 90' lang='lat' dir='ltr'><strong>Phorm.</strong></span> 
     </span>
     <span class='ocr_line' id='line_1_26' title="bbox 211 2704 1361 2786; baseline -0.001 -15"><span class='ocrx_word' id='word_1_231' title='bbox 211 2704 251 2785; x_wconf 87' lang='lat' dir='ltr'><strong>V,</strong></span> <span class='ocrx_word' id='word_1_232' title='bbox 274 2710 303 2786; x_wconf 89' lang='lat'><strong>3,</strong></span> <span class='ocrx_word' id='word_1_233' title='bbox 329 2711 381 2770; x_wconf 83' lang='lat' dir='ltr'><strong>l‘l:</strong></span> <span class='ocrx_word' id='word_1_234' title='bbox 417 2713 538 2782; x_wconf 74' lang='lat' dir='ltr'><strong>uterque</strong></span> <span class='ocrx_word' id='word_1_235' title='bbox 558 2709 705 2781; x_wconf 75' lang='lat' dir='ltr'><strong>utriquest</strong></span> <span class='ocrx_word' id='word_1_236' title='bbox 728 2707 819 2771; x_wconf 89' lang='lat' dir='ltr'><strong>cordi.</strong></span> <span class='ocrx_word' id='word_1_237' title='bbox 864 2708 1017 2769; x_wconf 79' lang='lat' dir='ltr'><strong>Plurulem</strong></span> <span class='ocrx_word' id='word_1_238' title='bbox 1030 2724 1120 2786; x_wconf 85' lang='lat' dir='ltr'><strong>pron.</strong></span> <span class='ocrx_word' id='word_1_239' title='bbox 1135 2713 1257 2782; x_wconf 75' lang='lat' dir='ltr'><strong>uterquc</strong></span> <span class='ocrx_word' id='word_1_240' title='bbox 1271 2724 1361 2772; x_wconf 86' lang='lat' dir='ltr'><strong>usur·</strong></span> 
     </span>
     <span class='ocr_line' id='line_1_27' title="bbox 213 2802 1360 2886; baseline -0.002 -18"><span class='ocrx_word' id='word_1_241' title='bbox 213 2803 299 2884; x_wconf 85' lang='lat' dir='ltr'><strong>peri,</strong></span> <span class='ocrx_word' id='word_1_242' title='bbox 330 2802 367 2868; x_wconf 78' lang='lat' dir='ltr'><strong>si·</strong></span> <span class='ocrx_word' id='word_1_243' title='bbox 383 2803 553 2883; x_wconf 82' lang='lat' dir='ltr'><strong>utrobique</strong></span> <span class='ocrx_word' id='word_1_244' title='bbox 575 2804 668 2884; x_wconf 84' lang='lat' dir='ltr'><strong>plum</strong></span> <span class='ocrx_word' id='word_1_245' title='bbox 690 2804 764 2875; x_wconf 88' lang='lat' dir='ltr'><strong>sint,</strong></span> <span class='ocrx_word' id='word_1_246' title='bbox 793 2803 826 2867; x_wconf 92' lang='lat' dir='ltr'><strong>in</strong></span> <span class='ocrx_word' id='word_1_247' title='bbox 844 2805 958 2886; x_wconf 85' lang='lat' dir='ltr'><strong>vulgus</strong></span> <span class='ocrx_word' id='word_1_248' title='bbox 981 2811 1090 2870; x_wconf 90' lang='lat' dir='ltr'><strong>notum</strong></span> <span class='ocrx_word' id='word_1_249' title='bbox 1114 2809 1178 2884; x_wconf 86' lang='lat' dir='ltr'><strong>est,</strong></span> <span class='ocrx_word' id='word_1_250' title='bbox 1200 2807 1246 2871; x_wconf 89' lang='lat' dir='ltr'><strong>sic</strong></span> <span class='ocrx_word' id='word_1_251' title='bbox 1268 2803 1360 2869; x_wconf 87' lang='lat' dir='ltr'><strong>Ennii</strong></span> 
     </span>
     <span class='ocr_line' id='line_1_28' title="bbox 210 2899 1361 2982; baseline -0.002 -16"><span class='ocrx_word' id='word_1_252' title='bbox 210 2899 316 2966; x_wconf 78' lang='lat' dir='ltr'><strong>annul.</strong></span> <span class='ocrx_word' id='word_1_253' title='bbox 343 2900 363 2964; x_wconf 91' lang='lat' dir='ltr'><strong>l.</strong></span> <span class='ocrx_word' id='word_1_254' title='bbox 398 2900 457 2980; x_wconf 87' lang='lat' dir='ltr'><strong>Vl,</strong></span> <span class='ocrx_word' id='word_1_255' title='bbox 486 2899 525 2966; x_wconf 80' lang='lat' dir='ltr'><strong>fr.</strong></span> <span class='ocrx_word' id='word_1_256' title='bbox 551 2907 604 2982; x_wconf 89' lang='grc'><strong>13,</strong></span> <span class='ocrx_word' id='word_1_257' title='bbox 630 2922 658 2967; x_wconf 92' lang='lat' dir='ltr'><strong>v.</strong></span> <span class='ocrx_word' id='word_1_258' title='bbox 689 2906 763 2966; x_wconf 83' lang='lat'><strong>202:</strong></span> <span class='ocrx_word' id='word_1_259' title='bbox 800 2905 895 2964; x_wconf 85' lang='lat' dir='ltr'><strong>Ferro</strong></span> <span class='ocrx_word' id='word_1_260' title='bbox 922 2923 980 2966; x_wconf 90' lang='lat' dir='ltr'><strong>uon</strong></span> <span class='ocrx_word' id='word_1_261' title='bbox 1002 2923 1074 2966; x_wconf 85' lang='lat' dir='ltr'><strong>euro</strong></span> <span class='ocrx_word' id='word_1_262' title='bbox 1097 2907 1186 2968; x_wconf 84' lang='lat' dir='ltr'><strong>vitam</strong></span> <span class='ocrx_word' id='word_1_263' title='bbox 1209 2921 1361 2966; x_wconf 83' lang='lat' dir='ltr'><strong>cernemus</strong></span> 
     </span>
     <span class='ocr_line' id='line_1_29' title="bbox 210 2998 1356 3080; baseline 0 -18"><span class='ocrx_word' id='word_1_264' title='bbox 210 3002 340 3074; x_wconf 65' lang='lat' dir='ltr'><strong>munuc</strong></span> <span class='ocrx_word' id='word_1_265' title='bbox 363 2998 420 3064; x_wconf 89' lang='lat' dir='ltr'><strong>sed</strong></span> <span class='ocrx_word' id='word_1_266' title='bbox 442 2999 538 3064; x_wconf 85' lang='lat' dir='ltr'><strong>etiam</strong></span> <span class='ocrx_word' id='word_1_267' title='bbox 561 3004 628 3066; x_wconf 89' lang='lat' dir='ltr'><strong>tum</strong></span> <span class='ocrx_word' id='word_1_268' title='bbox 643 2999 783 3080; x_wconf 90' lang='lat' dir='ltr'><strong>ponitur,</strong></span> <span class='ocrx_word' id='word_1_269' title='bbox 806 3017 877 3064; x_wconf 87' lang='lat' dir='ltr'><strong>eum</strong></span> <span class='ocrx_word' id='word_1_270' title='bbox 893 3017 991 3064; x_wconf 90' lang='lat' dir='ltr'><strong>unum</strong></span> <span class='ocrx_word' id='word_1_271' title='bbox 1006 3001 1099 3065; x_wconf 89' lang='lat' dir='ltr'><strong>modo</strong></span> <span class='ocrx_word' id='word_1_272' title='bbox 1115 3005 1166 3066; x_wconf 87' lang='lat' dir='ltr'><strong>est</strong></span> <span class='ocrx_word' id='word_1_273' title='bbox 1180 3000 1356 3080; x_wconf 86' lang='lat' dir='ltr'><strong>utrobique,</strong></span> 
     </span>
     <span class='ocr_line' id='line_1_30' title="bbox 214 3094 1358 3179; baseline 0 -19"><span class='ocrx_word' id='word_1_274' title='bbox 214 3096 403 3177; x_wconf 76' lang='lat' dir='ltr'><strong>praesertim</strong></span> <span class='ocrx_word' id='word_1_275' title='bbox 425 3113 497 3162; x_wconf 87' lang='lat' dir='ltr'><strong>eum</strong></span> <span class='ocrx_word' id='word_1_276' title='bbox 520 3097 654 3178; x_wconf 82' lang='lat' dir='ltr'><strong>cogitari</strong></span> <span class='ocrx_word' id='word_1_277' title='bbox 675 3101 782 3177; x_wconf 86' lang='lat' dir='ltr'><strong>potest</strong></span> <span class='ocrx_word' id='word_1_278' title='bbox 801 3094 894 3161; x_wconf 89' lang='lat' dir='ltr'><strong>simul</strong></span> <span class='ocrx_word' id='word_1_279' title='bbox 910 3097 949 3162; x_wconf 92' lang='lat' dir='ltr'><strong>de</strong></span> <span class='ocrx_word' id='word_1_280' title='bbox 965 3097 1071 3178; x_wconf 84' lang='lat' dir='ltr'><strong>rebus,</strong></span> <span class='ocrx_word' id='word_1_281' title='bbox 1094 3115 1176 3179; x_wconf 86' lang='lat' dir='ltr'><strong>quae</strong></span> <span class='ocrx_word' id='word_1_282' title='bbox 1191 3103 1358 3176; x_wconf 88' lang='lat' dir='ltr'><strong>utrumque</strong></span> 
     </span>
     <span class='ocr_line' id='line_1_31' title="bbox 212 3191 1358 3280; baseline -0.001 -21"><span class='ocrx_word' id='word_1_283' title='bbox 212 3195 421 3273; x_wconf 77' lang='lat' dir='ltr'><strong>comitentur,</strong></span> <span class='ocrx_word' id='word_1_284' title='bbox 443 3199 480 3259; x_wconf 90' lang='lat' dir='ltr'><strong>ut</strong></span> <span class='ocrx_word' id='word_1_285' title='bbox 500 3193 593 3260; x_wconf 89' lang='lat' dir='ltr'><strong>docet</strong></span> <span class='ocrx_word' id='word_1_286' title='bbox 615 3191 774 3274; x_wconf 86' lang='lat' dir='ltr'><strong>Teipelius</strong></span> <span class='ocrx_word' id='word_1_287' title='bbox 796 3192 889 3276; x_wconf 74' lang='lat' dir='ltr'><strong>ptuit.</strong></span> <span class='ocrx_word' id='word_1_288' title='bbox 915 3191 986 3260; x_wconf 77' lang='lat' dir='ltr'><strong>unt.</strong></span> <span class='ocrx_word' id='word_1_289' title='bbox 1010 3211 1077 3277; x_wconf 63' lang='lat' dir='ltr'><strong>pum</strong></span> <span class='ocrx_word' id='word_1_290' title='bbox 1099 3193 1279 3280; x_wconf 63' lang='lat' dir='ltr'><strong>Uebetietpeo</strong></span> <span class='ocrx_word' id='word_1_291' title='bbox 1301 3197 1358 3259; x_wconf 77' lang='lat' dir='ltr'><strong>oue</strong></span> 
     </span>
     <span class='ocr_line' id='line_1_32' title="bbox 211 3286 1357 3373; baseline 0.003 -19"><span class='ocrx_word' id='word_1_292' title='bbox 211 3289 280 3354; x_wconf 82' lang='lat' dir='ltr'><strong>bem</strong></span> <span class='ocrx_word' id='word_1_293' title='bbox 303 3288 471 3372; x_wconf 67' lang='lat' dir='ltr'><strong>Denticben</strong></span> <span class='ocrx_word' id='word_1_294' title='bbox 498 3288 551 3356; x_wconf 75' lang='lat' dir='ltr'><strong>int</strong></span> <span class='ocrx_word' id='word_1_295' title='bbox 578 3286 644 3356; x_wconf 78' lang='lat' dir='ltr'><strong>eu</strong></span> <span class='ocrx_word' id='word_1_296' title='bbox 672 3309 702 3372; x_wconf 91' lang='lat' dir='ltr'><strong>p.</strong></span> <span class='ocrx_word' id='word_1_297' title='bbox 732 3296 808 3371; x_wconf 84' lang='lat'><strong>241,</strong></span> <span class='ocrx_word' id='word_1_298' title='bbox 837 3311 931 3373; x_wconf 85' lang='lat' dir='ltr'><strong>quam</strong></span> <span class='ocrx_word' id='word_1_299' title='bbox 959 3293 992 3358; x_wconf 94' lang='lat' dir='ltr'><strong>in</strong></span> <span class='ocrx_word' id='word_1_300' title='bbox 1019 3311 1088 3358; x_wconf 92' lang='lat' dir='ltr'><strong>rem</strong></span> <span class='ocrx_word' id='word_1_301' title='bbox 1115 3292 1208 3361; x_wconf 81' lang='lat' dir='ltr'><strong>affert</strong></span> <span class='ocrx_word' id='word_1_302' title='bbox 1235 3294 1357 3358; x_wconf 87' lang='lat' dir='ltr'><strong>Terent.</strong></span> 
     </span>
     <span class='ocr_line' id='line_1_33' title="bbox 212 3389 1355 3468; baseline -0.001 -15"><span class='ocrx_word' id='word_1_303' title='bbox 212 3389 310 3453; x_wconf 74' lang='lat' dir='ltr'><strong>Andr.</strong></span> <span class='ocrx_word' id='word_1_304' title='bbox 332 3389 362 3468; x_wconf 88' lang='lat'><strong>1,</strong></span> <span class='ocrx_word' id='word_1_305' title='bbox 391 3394 424 3466; x_wconf 83' lang='lat'><strong>5,</strong></span> <span class='ocrx_word' id='word_1_306' title='bbox 456 3392 511 3454; x_wconf 82' lang='lat'><strong>52:</strong></span> <span class='ocrx_word' id='word_1_307' title='bbox 548 3392 612 3453; x_wconf 88' lang='lat' dir='ltr'><strong>Neo</strong></span> <span class='ocrx_word' id='word_1_308' title='bbox 635 3397 711 3455; x_wconf 81' lang='lat' dir='ltr'><strong>clam</strong></span> <span class='ocrx_word' id='word_1_309' title='bbox 733 3397 763 3454; x_wconf 94' lang='lat' dir='ltr'><strong>te</strong></span> <span class='ocrx_word' id='word_1_310' title='bbox 786 3399 847 3466; x_wconf 87' lang='lat' dir='ltr'><strong>est,</strong></span> <span class='ocrx_word' id='word_1_311' title='bbox 871 3409 957 3468; x_wconf 86' lang='lat' dir='ltr'><strong>quum</strong></span> <span class='ocrx_word' id='word_1_312' title='bbox 979 3394 1031 3454; x_wconf 88' lang='lat' dir='ltr'><strong>ille</strong></span> <span class='ocrx_word' id='word_1_313' title='bbox 1052 3397 1195 3468; x_wconf 76' lang='lat' dir='ltr'><strong>utraeque</strong></span> <span class='ocrx_word' id='word_1_314' title='bbox 1216 3412 1264 3456; x_wconf 88' lang='lat' dir='ltr'><strong>res</strong></span> <span class='ocrx_word' id='word_1_315' title='bbox 1284 3409 1355 3455; x_wconf 84' lang='lat' dir='ltr'><strong>nune</strong></span> 
     </span>
     <span class='ocr_line' id='line_1_34' title="bbox 207 3491 1218 3550; baseline 0.001 -2"><span class='ocrx_word' id='word_1_316' title='bbox 207 3491 299 3550; x_wconf 86' lang='lat' dir='ltr'><strong>utiles</strong></span> <span class='ocrx_word' id='word_1_317' title='bbox 320 3519 364 3532; x_wconf 92' lang='lat'>-</span> <span class='ocrx_word' id='word_1_318' title='bbox 385 3491 474 3550; x_wconf 71' lang='lat' dir='ltr'><strong>siem.</strong></span> <span class='ocrx_word' id='word_1_319' title='bbox 1215 3501 1218 3508; x_wconf 83' lang='lat'>&#39;</span> 
     </span>
    </p>

    <p class='ocr_par' dir='ltr' id='par_1_6' title="bbox 211 3583 1355 3958">
     <span class='ocr_line' id='line_1_35' title="bbox 214 3583 1355 3666; baseline 0.012 -26"><span class='ocrx_word' id='word_1_320' title='bbox 214 3631 218 3640; x_wconf 93' lang='lat'><strong>.</strong></span> <span class='ocrx_word' id='word_1_321' title='bbox 296 3587 346 3648; x_wconf 89' lang='grc'>41.</span> <span class='ocrx_word' id='word_1_322' title='bbox 371 3601 398 3647; x_wconf 86' lang='lat' dir='ltr'><strong>c.</strong></span> <span class='ocrx_word' id='word_1_323' title='bbox 422 3583 600 3650; x_wconf 86' lang='lat' dir='ltr'><strong>Pronomen</strong></span> <span class='ocrx_word' id='word_1_324' title='bbox 622 3585 812 3652; x_wconf 82' lang='lat' dir='ltr'><strong>adiectivum</strong></span> <span class='ocrx_word' id='word_1_325' title='bbox 835 3587 928 3666; x_wconf 73' lang='lat' dir='ltr'><strong>uibus,</strong></span> <span class='ocrx_word' id='word_1_326' title='bbox 962 3591 1161 3653; x_wconf 83' lang='lat' dir='ltr'><strong>contractum</strong></span> <span class='ocrx_word' id='word_1_327' title='bbox 1183 3605 1222 3654; x_wconf 84' lang='lat' dir='ltr'><strong>ex</strong></span> <span class='ocrx_word' id='word_1_328' title='bbox 1243 3587 1355 3654; x_wconf 79' lang='lat' dir='ltr'><strong>uuubu</strong></span> 
     </span>
     <span class='ocr_line' id='line_1_36' title="bbox 211 3680 1355 3766; baseline 0.001 -20"><span class='ocrx_word' id='word_1_329' title='bbox 211 3680 306 3762; x_wconf 91' lang='lat' dir='ltr'><strong>plene</strong></span> <span class='ocrx_word' id='word_1_330' title='bbox 334 3681 465 3746; x_wconf 84' lang='lat' dir='ltr'><strong>eundem</strong></span> <span class='ocrx_word' id='word_1_331' title='bbox 492 3681 590 3749; x_wconf 83' lang='lat' dir='ltr'><strong>hebet</strong></span> <span class='ocrx_word' id='word_1_332' title='bbox 619 3681 879 3766; x_wconf 77' lang='lat' dir='ltr'><strong>significationem</strong></span> <span class='ocrx_word' id='word_1_333' title='bbox 902 3687 999 3765; x_wconf 84' lang='lat' dir='ltr'><strong>etque</strong></span> <span class='ocrx_word' id='word_1_334' title='bbox 1026 3684 1259 3752; x_wconf 78' lang='lat' dir='ltr'><strong>substantivum</strong></span> <span class='ocrx_word' id='word_1_335' title='bbox 1280 3688 1355 3760; x_wconf 78' lang='lat' dir='ltr'><strong>pub·</strong></span> 
     </span>
     <span class='ocr_line' id='line_1_37' title="bbox 212 3781 1354 3862; baseline 0.004 -21"><span class='ocrx_word' id='word_1_336' title='bbox 212 3797 318 3854; x_wconf 74' lang='lat' dir='ltr'><strong>uuum,</strong></span> <span class='ocrx_word' id='word_1_337' title='bbox 354 3783 548 3859; x_wconf 79' lang='lat' dir='ltr'><strong>quapropter</strong></span> <span class='ocrx_word' id='word_1_338' title='bbox 576 3783 712 3846; x_wconf 82' lang='lat' dir='ltr'><strong>maxime</strong></span> <span class='ocrx_word' id='word_1_339' title='bbox 729 3781 773 3846; x_wconf 83' lang='lat' dir='ltr'><strong>-iu</strong></span> <span class='ocrx_word' id='word_1_340' title='bbox 802 3781 993 3862; x_wconf 76' lang='lat' dir='ltr'><strong>negantibus</strong></span> <span class='ocrx_word' id='word_1_341' title='bbox 1020 3782 1187 3848; x_wconf 83' lang='lat' dir='ltr'><strong>sententiis</strong></span> <span class='ocrx_word' id='word_1_342' title='bbox 1215 3782 1245 3848; x_wconf 93' lang='lat' dir='ltr'><strong>ei</strong></span> <span class='ocrx_word' id='word_1_343' title='bbox 1272 3781 1354 3847; x_wconf 87' lang='lat' dir='ltr'><strong>locus</strong></span> 
     </span>
     <span class='ocr_line' id='line_1_38' title="bbox 213 3875 1355 3958; baseline -0.002 -16"><span class='ocrx_word' id='word_1_344' title='bbox 213 3879 272 3942; x_wconf 86' lang='lat' dir='ltr'><strong>est.</strong></span> <span class='ocrx_word' id='word_1_345' title='bbox 317 3875 370 3942; x_wconf 86' lang='lat' dir='ltr'><strong>Sic</strong></span> <span class='ocrx_word' id='word_1_346' title='bbox 390 3876 494 3943; x_wconf 82' lang='lat' dir='ltr'><strong>Plaut.</strong></span> <span class='ocrx_word' id='word_1_347' title='bbox 516 3875 611 3944; x_wconf 83' lang='lat' dir='ltr'><strong>Most.</strong></span> <span class='ocrx_word' id='word_1_348' title='bbox 633 3877 692 3958; x_wconf 87' lang='grc' dir='ltr'>ΠΙ,</span> <span class='ocrx_word' id='word_1_349' title='bbox 716 3883 745 3954; x_wconf 88' lang='grc'>2,</span> <span class='ocrx_word' id='word_1_350' title='bbox 770 3883 826 3944; x_wconf 85' lang='lat'><strong>23:</strong></span> <span class='ocrx_word' id='word_1_351' title='bbox 864 3881 946 3944; x_wconf 86' lang='lat' dir='ltr'><strong>Nihil</strong></span> <span class='ocrx_word' id='word_1_352' title='bbox 965 3883 1022 3942; x_wconf 85' lang='lat' dir='ltr'><strong>erit</strong></span> <span class='ocrx_word' id='word_1_353' title='bbox 1038 3883 1116 3958; x_wconf 86' lang='lat' dir='ltr'><strong>quod</strong></span> <span class='ocrx_word' id='word_1_354' title='bbox 1132 3883 1253 3944; x_wconf 85' lang='lat' dir='ltr'><strong>deornm</strong></span> <span class='ocrx_word' id='word_1_355' title='bbox 1267 3881 1355 3944; x_wconf 78' lang='lat' dir='ltr'><strong>ullum</strong></span> 
     </span>
    </p>
   </div>
   <div class='ocr_carea' id='block_1_3' title="bbox 207 3973 1353 4252">
    <p class='ocr_par' dir='ltr' id='par_1_7' title="bbox 207 3973 1353 4252">
     <span class='ocr_line' id='line_1_39' title="bbox 211 3973 1353 4058; baseline 0.005 -23"><span class='ocrx_word' id='word_1_356' title='bbox 211 3976 360 4038; x_wconf 67' lang='lat' dir='ltr'><strong>mencines</strong></span> <span class='ocrx_word' id='word_1_357' title='bbox 382 3974 441 4052; x_wconf 85' lang='lat' dir='ltr'><strong>(sic</strong></span> <span class='ocrx_word' id='word_1_358' title='bbox 462 3974 596 4041; x_wconf 78' lang='lat' dir='ltr'><strong>Becker.</strong></span> <span class='ocrx_word' id='word_1_359' title='bbox 618 3993 648 4058; x_wconf 91' lang='lat' dir='ltr'><strong>p.</strong></span> <span class='ocrx_word' id='word_1_360' title='bbox 666 3981 703 4042; x_wconf 93' lang='grc'><strong>21</strong></span> <span class='ocrx_word' id='word_1_361' title='bbox 721 3982 756 4042; x_wconf 89' lang='lat' dir='ltr'><strong>et</strong></span> <span class='ocrx_word' id='word_1_362' title='bbox 769 3973 976 4056; x_wconf 82' lang='lat' dir='ltr'><strong>Ritscbeliue;</strong></span> <span class='ocrx_word' id='word_1_363' title='bbox 1000 3975 1088 4042; x_wconf 85' lang='lat' dir='ltr'><strong>codd.</strong></span> <span class='ocrx_word' id='word_1_364' title='bbox 1105 3979 1241 4056; x_wconf 75' lang='lat' dir='ltr'><strong>nubum).</strong></span> <span class='ocrx_word' id='word_1_365' title='bbox 1269 3977 1353 4058; x_wconf 82' lang='lat' dir='ltr'><strong>Epid.</strong></span> 
     </span>
     <span class='ocr_line' id='line_1_40' title="bbox 211 4069 1351 4153; baseline 0.003 -20"><span class='ocrx_word' id='word_1_366' title='bbox 211 4069 251 4150; x_wconf 85' lang='lat' dir='ltr'><strong>ll,</strong></span> <span class='ocrx_word' id='word_1_367' title='bbox 273 4075 303 4151; x_wconf 89' lang='grc'>2,</span> <span class='ocrx_word' id='word_1_368' title='bbox 327 4075 381 4137; x_wconf 89' lang='lat'><strong>38:</strong></span> <span class='ocrx_word' id='word_1_369' title='bbox 418 4073 487 4136; x_wconf 83' lang='lat' dir='ltr'><strong>Non</strong></span> <span class='ocrx_word' id='word_1_370' title='bbox 507 4075 717 4138; x_wconf 72' lang='lat' dir='ltr'><strong>tusculum</strong></span> <span class='ocrx_word' id='word_1_371' title='bbox 738 4077 932 4151; x_wconf 77' lang='lat' dir='ltr'><strong>secesionem,</strong></span> <span class='ocrx_word' id='word_1_372' title='bbox 954 4083 988 4138; x_wconf 88' lang='lat' dir='ltr'><strong>ut</strong></span> <span class='ocrx_word' id='word_1_373' title='bbox 1008 4078 1086 4153; x_wconf 81' lang='lat' dir='ltr'><strong>opud</strong></span> <span class='ocrx_word' id='word_1_374' title='bbox 1101 4083 1131 4138; x_wconf 86' lang='lat' dir='ltr'><strong>te</strong></span> <span class='ocrx_word' id='word_1_375' title='bbox 1147 4077 1224 4140; x_wconf 83' lang='lat' dir='ltr'><strong>leisc</strong></span> <span class='ocrx_word' id='word_1_376' title='bbox 1236 4078 1351 4140; x_wconf 84' lang='lat' dir='ltr'><strong>inbnlor.</strong></span> 
     </span>
     <span class='ocr_line' id='line_1_41' title="bbox 207 4165 1353 4252; baseline 0.003 -20"><span class='ocrx_word' id='word_1_377' title='bbox 207 4165 291 4242; x_wconf 79' lang='lat' dir='ltr'><strong>Rue.</strong></span> <span class='ocrx_word' id='word_1_378' title='bbox 314 4167 340 4250; x_wconf 92' lang='grc' dir='ltr'>Ι,</span> <span class='ocrx_word' id='word_1_379' title='bbox 363 4173 393 4250; x_wconf 84' lang='grc'>2,</span> <span class='ocrx_word' id='word_1_380' title='bbox 418 4173 473 4236; x_wconf 83' lang='lat' dir='ltr'><strong>le:</strong></span> <span class='ocrx_word' id='word_1_381' title='bbox 509 4173 603 4236; x_wconf 84' lang='lat' dir='ltr'><strong>Virile</strong></span> <span class='ocrx_word' id='word_1_382' title='bbox 626 4189 722 4235; x_wconf 84' lang='lat' dir='ltr'><strong>secus·</strong></span> <span class='ocrx_word' id='word_1_383' title='bbox 735 4191 891 4249; x_wconf 79' lang='lat' dir='ltr'><strong>numquam</strong></span> <span class='ocrx_word' id='word_1_384' title='bbox 912 4175 1005 4236; x_wconf 75' lang='lat' dir='ltr'><strong>ultum</strong></span> <span class='ocrx_word' id='word_1_385' title='bbox 1028 4171 1109 4252; x_wconf 79' lang='lat' dir='ltr'><strong>[ego]</strong></span> <span class='ocrx_word' id='word_1_386' title='bbox 1133 4176 1231 4236; x_wconf 78' lang='lat' dir='ltr'><strong>hebri.</strong></span> <span class='ocrx_word' id='word_1_387' title='bbox 1271 4170 1353 4252; x_wconf 83' lang='lat' dir='ltr'><strong>Gept·</strong></span> 
     </span>
    </p>
   </div>
   <div class='ocr_carea' id='block_1_4' title="bbox 1177 4343 1469 4730">
    <p class='ocr_par' dir='ltr' id='par_1_8' title="bbox 1164 4343 1469 4730">
     <span class='ocr_line' id='line_1_42' title="bbox 1177 4343 1469 4730; baseline 0 0"><span class='ocrx_word' id='word_1_388' title='bbox 1177 4343 1469 4730; x_wconf 60' lang='lat' dir='ltr'><strong>ml</strong></span> 
     </span>
    </p>
   </div>
   <div class='ocr_carea' id='block_1_5' title="bbox 0 0 1506 4764">
    <p class='ocr_par' dir='ltr' id='par_1_9' title="bbox 0 0 1506 4764">
     <span class='ocr_line' id='line_1_43' title="bbox 0 0 1506 4764; baseline 0 3"><span class='ocrx_word' id='word_1_389' title='bbox 0 0 1506 4764; x_wconf 95' lang='lat' dir='ltr'><strong> </strong></span> 
     </span>
    </p>
   </div>
  </div>
 </body>
</html>
