3070 4758
439 256 527 298 OASUS
542 255 808 298 sunsaaamvoamt.
824 277 848 288 ·-
863 255 1000 298 AOCUSAT.
1262 268 1324 327 253

171 424 239 490 AG.
277 427 455 494 Antidamae
475 437 596 508 gnatum
618 447 760 494 messae.
806 430 900 497 Truc.
924 429 966 511 Π,
991 434 1021 511 6,
1043 435 1099 496 48:
1137 433 1171 494 Id
1193 433 1237 494 ita
1257 449 1324 494 esse

171 523 335 603 experta’s,
369 545 506 604 nuncque
533 531 705 605 experiere,
740 547 807 592 moa
830 530 1039 607 Phronesium,
1076 533 1127 592 Me
1154 538 1184 590 to
1213 547 1323 592 amare.

172 617 298 688 Gurcnl.
323 621 365 702 II,
388 629 417 703 2,
444 628 482 688 10
505 640 591 703 sqq.:

337 724 401 783 Hac
424 730 512 784 nocte
534 725 565 782 in
589 725 815 786 somniculosus
837 741 903 788 sum
925 727 1040 786 tuerier

340 821 449 881 Procul
471 821 576 882 sedere
599 823 686 898 longe
710 839 729 882 a
749 839 796 882 me
819 822 1043 897 Aesculapium:

337 917 441 993 Neque
463 935 530 978 eum
554 919 662 979 adme
684 919 766 979 adire
789 935 885 994 neque
909 938 954 980 me
978 920 1231 994 magnipendere

341 1016 498 1077 Vissnmst.

170 1107 264 1173 Most.
286 1107 347 1187 ΙΙΙ,
371 1112 400 1187 2,
424 1113 478 1174 39;
502 1112 559 1172 Vix
580 1112 699 1174 tandem
722 1114 844 1188 percepi
869 1131 958 1189 snper
980 1115 1026 1174 his
1048 1115 1138 1174 rebus
1160 1114 1270 1176 nostris
1293 1119 1325 1172 te

170 1210 260 1283 loqui.
304 1203 392 1270 Pers.
415 1204 441 1286 1,
466 1214 495 1287 3,
518 1211 912 1273 87:1anabeatan1mum
935 1211 1058 1289 bonum,
1089 1213 1140 1271 Me
1163 1226 1229 1270 esse
1253 1210 1324 1270 ebe-

170 1312 287 1365 ctnrum
310 1307 366 1365 hoc
388 1306 485 1367 hodie.
510 1302 601 1385 Oapt.
625 1302 650 1384 Ι,
675 1310 704 1384 2,
728 1309 769 1370 64
784 1323 847 1385 sq.:
871 1323 940 1366 nam
960 1309 1043 1367 iilum
1067 1306 1183 1368 confido
1207 1308 1323 1368 domum

169 1404 204 1462 In
227 1403 273 1461 his
298 1401 400 1463 diebus
422 1421 468 1463 me
492 1405 747 1468 reconciliassere.
792 1399 889 1467 Stich.
913 1400 972 1483 III,
998 1407 1027 1482 2,
1053 1408 1086 1468 l:
1122 1412 1183 1465 tam
1207 1405 1324 1466 confido

169 1515 256 1574 qnam
285 1500 365 1573 potis
392 1502 442 1559 Me
471 1516 567 1561 meum
595 1506 783 1577 optenturum
810 1517 921 1576 regem.
966 1498 1080 1580 Amph.
1123 1500 1171 1578 ΙΙ,
1199 1505 1232 1578 2,
1264 1505 1322 1564 43:

169 1598 267 1672 Magis
289 1615 367 1656 nunc
391 1591 465 1676 [me]
488 1615 584 1659 meum
608 1599 735 1661 officium
758 1599 857 1660 lacere
883 1631 921 1642 —
942 1600 1082 1660 arbitror.
1111 1597 1207 1664 Poen.
1231 1597 1269 1675 V,
1293 1601 1322 1676 ὅ,

171 1696 225 1758 39:
258 1696 334 1755 Nam
361 1700 390 1754 te
414 1697 570 1757 cinaedum
594 1714 660 1758 esse
684 1698 814 1758 arbitror
841 1715 925 1774 mage
949 1713 1035 1772 quem
1056 1698 1159 1756 virum.
1203 1694 1258 1759 As.
1280 1694 1323 1774 ΙΙ,

169 1794 200 1869 4,
224 1793 281 1854 18;
303 1791 450 1867 Furcitbr,
475 1800 592 1855 nosmet
612 1793 740 1869 fugitare
764 1794 892 1856 censes?
921 1791 987 1856 Mil.
1011 1790 1052 1867 ΙΙ,
1075 1796 1107 1870 4,
1129 1796 1186 1856 48:
1223 1796 1322 1868 Atque

169 1895 202 1950 nt
224 1896 257 1950 tu
285 1891 452 1965 suspicatus
482 1909 515 1952 es
543 1889 600 1967 [te]
628 1909 693 1951 eam
722 1892 831 1953 vidisse
853 1892 1066 1952 ausculantem.
1111 1889 1208 1954 Poen.
1232 1889 1269 1967 V,
1292 1895 1324 1968 4,

173 1989 246 2049 108;
268 1989 389 2062 Patrue,
411 1987 505 2050 lecito
527 1991 558 2048 in
580 1991 752 2050 memoriam
775 1990 886 2050 habeas
909 1983 969 2067 (sic
990 1985 1099 2067 aeg),
1128 1994 1210 2049 tuam
1231 1990 1325 2050 maio-

169 2102 233 2144 rem
254 2085 346 2146 filiam
368 2087 443 2145 Mihi
472 2092 503 2146 te
526 2087 730 2162 despondisse.
775 2082 890 2150 Bacch.
927 2083 986 2162 ΠΙ,
1014 2089 1043 2164 2,
1071 2088 1125 2149 19;
1159 2093 1207 2147 set
1236 2103 1324 2148 eccos

170 2182 256 2243 video
278 2184 418 2245 incedere
441 2183 528 2260 [Mei]
550 2191 668 2258 patrem
692 2185 804 2245 sodalis
831 2192 863 2244 et
883 2183 1064 2258 magistrum.
1108 2180 1181 2245 Aul.
1209 2181 1265 2262 IV,
1296 2187 1325 2261 1,

171 2281 203 2340 7:
227 2279 259 2340 Si
281 2282 362 2340 videt
384 2299 526 2357 superare
542 2299 682 2356 amorem,
706 2283 762 2342 hoc
785 2284 864 2343 servi
887 2297 953 2340 esee
977 2279 1106 2340 officinm
1129 2299 1208 2344 reor.
1231 2277 1322 2358 capt.

169 2373 249 2456 prol.
272 2394 300 2438 v.
326 2382 358 2439 1:
381 2381 442 2440 Hos
466 2397 539 2455 quos
561 2380 671 2439 videtis
693 2386 774 2440 stare
798 2380 845 2437 hic
868 2378 1002 2452 captivos
1024 2378 1107 2438 duos.
1130 2374 1202 2439 Aul.
1230 2374 1269 2454 V,
1296 2380 1326 2454 l,

169 2476 204 2536 4:
242 2471 333 2536 Certe
368 2473 523 2552 (Goeller.
548 2475 650 2550 Certo)
682 2477 760 2536 enirn
788 2494 843 2551 ego
870 2492 973 2536 vocem
994 2474 1043 2534 hie
1066 2476 1214 2551 loquentis
1235 2475 1326 2535 modo

169 2590 217 2632 me
241 2572 343 2632 andire
368 2574 446 2634 visus
471 2591 545 2634 sum.
567 2571 660 2651 Epid.
684 2571 740 2650 IV,
767 2577 793 2647 l,
820 2575 873 2634 ll:
900 2573 1003 2633 videor
1025 2573 1126 2632 nescio
1148 2572 1199 2632 uhi
1213 2573 1326 2633 vidisse

170 2687 216 2730 me
237 2671 328 2745 prius.
371 2667 439 2732 Mil.
486 2667 546 2743 111.
570 2673 599 2748 3,
622 2672 676 2732 58:
712 2669 895 2745 praedicabo
918 2671 945 2729 A
968 2674 1020 2728 tna
1042 2685 1108 2729 esse
1137 2686 1229 2729 uxore
1251 2669 1326 2728 mibi

170 2767 269 2828 datum
293 2784 416 2844 eamque
439 2770 523 2827 illum
548 2768 695 2843 deperire.
741 2765 837 2830 Poen.
860 2763 900 2844 V,
924 2767 952 2842 2,
976 2766 1031 2827 bl:
1057 2767 1148 2826 muris
1163 2763 1325 2826 Africanos

169 2866 327 2940 praedicat
354 2867 389 2924 ln
410 2882 550 2940 pompam
577 2866 654 2926 ludis
678 2865 749 2926 dare
773 2881 805 2925 se
830 2867 907 2925 velle
931 2864 1085 2924 aedilibus.
1131 2858 1208 2925 Oist.
1245 2859 1271 2937 Ι,
1295 2863 1324 2938 1,

173 2964 247 3023 101:
283 2965 392 3024 iurarit
416 2995 453 3008 -—
476 2964 527 3022 Me
550 2979 672 3024 uxorem
695 2962 853 3023 ductarum
882 2979 956 3036 esse,
987 2958 1042 3023 ubi
1069 2975 1243 3039 pronomen
1272 2975 1327 3022 re·

168 3055 316 3122 flexivum
339 3076 369 3120 sc
391 3059 542 3124 omissum
566 3063 623 3126 est.
675 3057 763 3122 Pers.
807 3056 867 3135 ΙΙΙ,
892 3061 920 3131 2,
944 3060 979 3120 2:
1025 3060 1082 3131 Qui
1112 3061 1185 3119 mibi
1206 3060 1325 3119 iuratus

169 3165 216 3220 est
239 3175 271 3218 se
296 3159 383 3218 hodie
407 3165 559 3232 argentum
584 3158 679 3220 dare?
724 3155 839 3220 Pseud.
876 3153 902 3230 Ι,
930 3160 959 3232 3,
991 3157 1066 3216 118:
1109 3156 1267 3217 Iuravistin
1291 3165 1325 3215 te

169 3257 253 3315 illam
275 3257 350 3316 nulli
373 3255 563 3317 venditurum
587 3258 645 3318 nisi
666 3255 759 3315 mihi?
781 3249 847 3314 Mil.
870 3250 907 3327 V,
934 3255 988 3314 18:
1012 3253 1082 3313 Iura
1102 3260 1132 3314 te
1154 3255 1322 3314 nociturum

168 3371 227 3413 non
250 3370 317 3414 esse
339 3354 450 3414 homini
474 3353 510 3413 de
532 3354 588 3414 hae
611 3371 644 3414 re
666 3353 786 3412 nemini.
830 3345 949 3414 Cistell.
992 3348 1034 3426 ΙΙ,
1055 3353 1084 3425 3,
1108 3352 1166 3414 40;
1203 3352 1323 3411 Instare

166 3467 260 3525 nsque
297 3450 373 3510 adeo
409 3450 506 3510 donec
540 3467 572 3512 se
606 3452 724 3512 adiurat
755 3466 830 3508 anus
857 3449 932 3506 Eam
965 3448 1038 3508 mihi
1069 3456 1235 3509 monstrare
1263 3445 1325 3519 (sic

168 3544 350 3610 Lachmann
382 3551 416 3608 et
437 3544 636 3611 Fleckeisen.
664 3545 696 3610 in
719 3543 807 3608 Iahn.
836 3541 940 3606 annal.
967 3547 1058 3623 1851,
1082 3542 1142 3608 vol.
1170 3547 1220 3621 61,
1244 3548 1322 3608 sect.

171 3647 198 3722 1,
220 3660 250 3722 p.
275 3645 330 3720 633
352 3645 477 3705 odatrct
497 3646 547 3708 est
567 3650 743 3723 praesens).
778 3643 849 3711 Cas.
872 3644 930 3724 ΙΙΙ,
954 3649 984 3724 5,
1008 3646 1062 3708 37;
1086 3644 1240 3717 deiurarit,
1264 3644 1319 3703 Oc-

169 3743 298 3803 cisurnm
326 3759 392 3802 enm
428 3741 492 3820 (sic
515 3743 543 3802 Δ
555 3740 622 3822 Og)
655 3745 712 3804 hac
744 3750 832 3803 nocte
868 3746 986 3819 quicum
1018 3742 1150 3805 cubaret.
1193 3738 1323 3818 Fragm.

168 3836 324 3918 Amphitr.
343 3857 375 3918 p
391 3841 464 3918 486,
486 3857 516 3904 v.
533 3843 567 3903 8:
591 3841 774 3901 Exieravisti
789 3847 819 3901 tc
832 3842 904 3902 mibi
922 3842 988 3901 dixe
1008 3857 1064 3915 per
1076 3839 1181 3900 iocum.
1204 3833 1322 3901 Bacch.

168 3953 197 3998 v.
223 3939 298 3998 157:
333 3938 433 4013 Teque
456 3939 494 3998 ad
517 3945 633 4013 patrem
656 3955 723 3999 esse
745 3947 891 3999 mortuom
914 3939 1088 3998 renuntiem.
1133 3933 1220 3998 Asin.
1243 3933 1269 4011 Ι,
1294 3938 1322 4013 1,

168 4034 223 4096 85:
246 4035 389 4108 promitto
411 4035 467 4096 tibi
488 4036 554 4095 Non
578 4035 734 4099 offuturum
758 4033 844 4111 [me].
871 4031 988 4098 Bacch.
1011 4031 1066 4110 IV,
1088 4036 1119 4108 4,
1142 4034 1198 4095 90:
1221 4037 1324 4110 Atque

167 4131 198 4190 id
220 4132 382 4208 pollicetur
405 4149 436 4192 se
460 4131 596 4191 daturum
619 4149 721 4192 aurum
743 4133 825 4193 mibi.
862 4129 957 4195 Most.
982 4128 1020 4200 V,
1045 4133 1073 4207 1,
1096 4131 1151 4194 36:
1175 4131 1253 4204 Quin
1274 4133 1322 4192 ius

167 4229 324 4292 iurandum
345 4229 511 4302 pollicitust
533 4229 604 4289 dare
628 4245 669 4292 se.
697 4226 811 4290 Bacch.
834 4225 860 4303 Ι,
888 4232 915 4302 1,
938 4229 993 4290 62:
1021 4229 1069 4288 Eo
1090 4225 1145 4288 tibi
1166 4233 1322 4303 argentum
