3070 4758
17 4477 21 4502 ι

17 4503 120 4720 l.

212 261 284 328 'hes
401 327 404 332 ,
503 273 506 282 ·
645 256 939 303 emmerammum.

213 435 352 498 infirmes
374 436 493 510 nuptiis
514 435 616 498 lihsce
637 425 715 498 esse.
752 429 868 497 Heeut
893 431 948 510 iv,
973 437 1001 511 l,
1025 433 1081 496 53:
1103 433 1171 493 Non
1194 427 1260 494 licet
1281 433 1377 494 bomi-

212 542 288 594 ‘srem
309 545 369 594 esst
391 549 488 610 saepe
505 535 549 595 ita
569 539 605 594 ut
626 536 698 596 uolt.
736 529 853 595 Heaut.
875 525 933 606 IV,
956 533 986 607 2,
1009 532 1042 592 5:
1065 531 1091 590 si
1113 532 1186 591 licet
1206 549 1254 592 me
1277 535 1374 594 latere

213 637 304 690 tecta
332 630 505 692 abscedere.
549 629 668 694 Heaut.
707 627 751 708 ΙΙ,
773 634 804 708 4,
827 631 862 690 8:
906 627 1038 702 Expedit
1064 628 1158 688 bonas
1187 645 1254 690 esse
1280 631 1374 692 vobis.

214 723 345 790 enom.
373 724 413 805 V,
436 730 467 807 2,
490 731 528 792 1:
571 735 606 789 at
627 729 722 790 malos
744 726 886 802 expediat
906 741 983 786 esse.
1028 722 1144 787 Heaut.
1176 721 1237 802 ΙΙΙ,
1261 729 1291 804 2,
1314 731 1372 791 25:

212 825 302 886 ‘Rrec
316 823 400 886 laeta
419 827 457 886 ab
479 827 535 888 illo
556 825 724 902 oportebat,
748 825 832 900 Syre.
855 817 989 900 Adelph.
1009 819 1052 899 Π,
1069 825 1098 899 2,
1123 824 1155 885 6:
1178 825 1374 886 Adulescenti

212 936 332 983 merear
348 927 470 998 gestum
492 923 635 999 oportuit.
671 919 754 984 And
776 917 803 998 l,
826 924 856 997 5,
877 922 914 982 4:
942 921 1047 982 Nonne
1069 922 1155 995 prins
1176 925 1374 982 communica-

212 1023 286 1079 tum
304 1021 440 1095 oportuit
454 1018 619 1095 (esse-sive
642 1019 738 1092 sotsac
762 1016 915 1080 omissum
937 1021 1002 1093 est,
1039 1035 1068 1080 v.
1089 1015 1193 1081 Rudd.
1231 1035 1262 1097 p.
1286 1017 1374 1092 208).

211 1110 318 1180 ‘Anda
347 1115 373 1192 I,
397 1119 427 1194 5,
450 1119 509 1181 30:
553 1119 613 1178 Sed
634 1122 882 1191 nuuc-peropust
903 1125 956 1175 aut
984 1115 1063 1174 hune
1086 1134 1152 1175 cum
1174 1117 1241 1190 ipsa
1263 1121 1315 1176 aut
1336 1117 1373 1176 de

213 1214 275 1276 dria
289 1228 337 1274 me
353 1215 511 1276 advorsum
525 1215 604 1276 buno
620 1215 711 1289 loqui.
735 1209 870 1291 Adelph.
892 1209 935 1290 ΙΙ,
949 1217 981 1290 4,
997 1215 1026 1274 S.
1041 1215 1076 1274 9:
1101 1215 1166 1273 Hoc
1188 1214 1260 1272 mihi
1282 1215 1374 1293 dolet,

213 1327 272 1374 ace
295 1326 363 1372 aero
385 1311 513 1373 rescisse
537 1319 568 1372 et
589 1329 685 1386 paene
712 1312 743 1371 in
766 1329 832 1371 eum
854 1327 918 1371 rem
946 1312 1044 1372 locum
1067 1309 1207 1385 Redisse,
1243 1319 1277 1372 ut
1299 1313 1372 1375 cet-t.

212 1405 299 1473 Eun.
337 1405 534 1487 ·111,e‚es:
577 1411 715 1486 Adparet
741 1425 857 1470 servom
886 1408 964 1468 hunc
992 1425 1059 1469 esse
1089 1408 1200 1469 domini
1222 1411 1372 1485 pauperis.

212 1501 295 1570 flet.
317 1503 377 1585 ΙΙΙ,
401 1509 430 1579 5,
452 1509 490 1569 4:
515 1507 635 1568 Certum
656 1505 807 1567 offirmare
830 1513 878 1566 est
898 1507 975 1566 viam
997 1523 1054 1567 me.
1080 1503 1156 1569 Hec.
1178 1503 1238 1584 HL
1265 1511 1292 1584 l,
1315 1509 1371 1570 46:

214 1605 339 1666 'Perisse
360 1619 415 1664 me*
431 1621 492 1666 una
513 1605 592 1664 haud
621 1605 779 1666 dubiumst.
824 1601 956 1682 Adelph.
999 1601 1055 1681 IV,
1080 1606 1108 1680 5,
1132 1606 1186 1666 52:
1231 1589 1374 1680 virginem

219 1704 342 1781 vitiasti,
366 1719 453 1778 quam
475 1706 506 1763 te
528 1720 588 1762 non
610 1704 657 1762 ins
681 1701 780 1764 iuerat
802 1707 934 1778 tangere.
958 1699 1092 1781 Adelph
1116 1699 1142 1776 Ι,
1166 1705 1195 1779 2,
1219 1703 1276 1766 32:
1305 1703 1373 1763 Non

212 1809 266 1864 'est
287 1801 434 1877 flagitium
457 1797 559 1861 iacere
582 1801 657 1860 haec
680 1798 956 1861 adulescentulum?
992 1797 1089 1861 Andr.
1111 1797 1168 1878 IV,
1194 1805 1221 1878 l,
1245 1805 1279 1862 7:
1302 1802 1374 1861 Post

213 1898 272 1960 uhi
293 1905 425 1974 tempast
447 1897 595 1972 promissa
621 1897 679 1956 iam
707 1897 823 1972 perfici.
865 1893 943 1959 Hec.
989 1895 1048 1975 ΙΙΙ,
1074 1902 1102 1972 l,
1126 1901 1183 1961 33:
1229 1899 1372 1959 Fortasse

218 2010 313 2058 anam
335 1993 456 2068 aliquod
476 1996 598 2055 emtam
619 1995 699 2054 inter
719 2011 770 2056 ees
791 1995 865 2055 iram
881 1996 959 2056 hanc
982 1997 1148 2064 concivisse,
1171 2013 1231 2056 ere.
1254 1993 1371 2058 Heaut.

212 2087 407 2172 iv,e,1e:
453 2091 578 2153 Scilicet
600 2093 756 2153 Daturum.
802 2089 919 2155 Heaut.
941 2091 983 2169 ΙΙ,
1008 2096 1037 2170 3,
1062 2095 1138 2156 118:
1176 2089 1299 2154 Scilicet
1314 2093 1373 2152 Fa-

219 2198 334 2254 cturum
356 2207 403 2252 me
427 2205 505 2252 esse.
528 2186 567 2265 V,
593 2191 619 2267 l,
646 2193 701 2252 19:
725 2189 872 2250 continuo
894 2191 1036 2252 iniecisse
1056 2192 1147 2253 verbe
1169 2193 1224 2252 tibi
1246 2191 1372 2251 Dromo-

218 2304 287 2350 nem
309 2289 437 2351 scilioet.
481 2283 587 2350 Etiam
616 2284 809 2349 eTerentie
842 2303 906 2350 sce.
936 2304 960 2350 c.
984 2285 1039 2351 inf.
1064 2285 1210 2368 plurimis
1238 2285 1317 2351 locis
1339 2285 1374 2350 in

220 2383 477 2466 interrogatione
500 2387 534 2446 et
557 2382 787 2448 exclamatione
809 2387 946 2464 ponitur.
969 2387 1087 2450 Heaut.
1109 2384 1169 2464 ΙΙΙ,
1194 2391 1222 2462 l,
1246 2389 1303 2450 94:
1326 2387 1373 2448 lta

211 2491 426 2560 ¹comparatum
452 2499 519 2542 esse
546 2483 698 2544 hominum
727 2492 863 2546 naturam
894 2488 1039 2559 omnium,
1076 2487 1181 2545 Aliena
1206 2490 1241 2543 ut
1267 2486 1372 2544 melius

210 2583 339 2644 necant
361 2588 399 2642 et*
415 2581 579 2642 diiudicent
601 2583 696 2654 Quam
717 2583 792 2643 sna?
814 2581 913 2646 Andr.
936 2581 979 2660 ΙΙ,
1003 2587 1032 2659 5,
1058 2586 1111 2644 14:
1133 2582 1262 2642 Nullane
1284 2583 1315 2641 in
1337 2598 1371 2642 re

220 2693 288 2742 esse
311 2679 471 2755 quoiquam
492 2678 604 2738 homini
626 2679 729 2743 fidem!
774 2678 833 2758 111,
858 2683 886 2758 5,
911 2684 942 2741 3:
987 2681 1099 2741 Servon
1126 2679 1262 2740 fortunas
1289 2695 1371 2739 meas

213 2794 264 2838 me
288 2777 472 2840 commisisse
495 2775 603 2836 futtili:
630 2773 685 2855 IV,
710 2780 739 2857 2,
763 2780 795 2840 6:
819 2779 899 2839 Sicin
922 2784 1078 2853 meatque
1100 2779 1182 2838 illam
1205 2793 1299 2851 opera
1320 2783 1373 2836 tua

217 2888 296 2936 nuno
319 2875 445 2934 miseros
468 2875 639 2934 sollicitari!
684 2877 713 2951 3,
740 2878 770 2936 l:
813 2876 903 2935 Nilne
931 2893 997 2936 csse
1020 2877 1172 2952 proprium
1195 2872 1372 2950 quoiquam?

210 2967 297 3035 'Eum
343 2967 518 3049 11,1,1e:
563 2970 658 3032 Adeon
683 2972 817 3032 homines
840 2971 1017 3033 inmutarier
1039 2975 1086 3034 Ex
1108 2989 1217 3033 amore.
1260 2975 1289 3048 3,
1314 2973 1371 3035 69:

218 3083 416 3144 numquamne
447 3069 537 3128 etiam
567 3085 614 3128 me
642 3070 724 3129 illam
751 3067 902 3144 vidissel,
940 3068 1025 3147 quod
1055 3071 1105 3132 est
1132 3065 1368 3133 stomachantis

209 3161 297 3229 Eun.
321 3163 381 3241 ΙΙΙ,
405 3166 434 3242 5,
459 3167 493 3228 5:
523 3165 584 3226 Sed
605 3167 790 3226 neminemne
814 3167 961 3226 curiosum
984 3168 1166 3228 intervenire
1189 3185 1269 3228 nuuc
1290 3167 1370 3226 mihi.

210 3259 333 3324 'Heeut
370 3257 412 3339 ΙΙ,
435 3265 466 3338 4,
490 3265 545 3326 21;
580 3263 676 3323 Hocin
699 3281 746 3324 me
768 3265 908 3324 miserum
932 3281 991 3324 non
1011 3267 1104 3324 licere
1127 3281 1193 3324 meo
1216 3265 1303 3326 modo
1325 3266 1369 3325 in-

209 3360 334 3434 ·genium
355 3357 439 3419 frui?
461 3356 521 3437 ΙΙΙ,
548 3363 574 3436 1,
598 3363 653 3424 94:
676 3363 723 3421 lta
746 3367 947 3436 comparatam
969 3379 1036 3422 esse
1060 3361 1209 3422 hominum
1233 3369 1370 3422 naturam

217 3457 347 3517 omnium
371 3457 444 3520 cett.
488 3454 529 3534 V,
553 3459 581 3534 1,
603 3461 660 3520 48:
704 3459 784 3518 Tene
807 3461 885 3519 istuc
907 3459 1008 3535 loqui?
1050 3455 1166 3522 Heaut.
1197 3455 1236 3535 V,
1258 3461 1290 3537 2,
1313 3461 1370 3522 27:

205 3549 319 3614 'Adeon
341 3569 405 3614 rem
427 3555 562 3616 rediisse.
585 3552 725 3635 Adelph.
749 3551 775 3633 I,
801 3559 827 3633 1,
855 3559 908 3618 13:
932 3574 1145 3632 quemquamne
1168 3556 1317 3616 bominem
1339 3559 1370 3616 in

212 3653 343 3712 ‘animum
363 3649 522 3710 instituere
546 3657 598 3712 aut
619 3655 676 3713 sibi
698 3655 809 3714 Parare
838 3654 916 3729 quod
942 3655 1103 3716 altcarius
1126 3673 1212 3731 quam
1235 3656 1301 3730 ipse
1324 3659 1371 3714 eet

214 3747 294 3810 eibi?
330 3742 457 3809 Phorm.
479 3743 540 3821 Ill,
567 3751 593 3825 l,
618 3752 651 3811 2:
676 3751 760 3810 Itane
783 3756 814 3810 tc
837 3751 1028 3813 hincabisse
1052 3759 1082 3813 et
1104 3755 1195 3813 vitam
1218 3758 1299 3812 tuam
1322 3759 1368 3810 tn·

210 3846 333 3906 mudum
357 3845 424 3906 eliis
446 3844 586 3904 dedisse?
629 3842 705 3910 Hec.
739 3843 794 3922 IV,
816 3851 847 3926 4,
869 3851 925 3910 23:
962 3850 1062 3909 Nosne
1094 3849 1150 3910 hoc
1173 3851 1286 3910 celatos
1309 3855 1370 3909 tem

206 3941 289 4004 diat
332 3939 428 4004 Andr.
444 3967 447 3974 ⁴
461 3939 488 4018 I,
512 3944 541 4021 5,
568 3943 619 4006 1οι
650 3944 756 4005 Adeon
775 3946 923 4004 hominem
951 3963 1017 4007 erse
1040 3947 1226 4009 invenustum
1250 3953 1301 4007 aut
1322 3947 1370 4005 in-

206 4039 335 4100 ’ielicem
358 4057 543 4116 quemquam,
569 4046 603 4100 ut
624 4059 680 4115 ego
702 4040 790 4102 sumi
833 4039 874 4104 ed
897 4059 926 4121 q.
949 4040 970 4104 l.
994 4041 1219 4106 Ruhnkenius:
1257 4039 1367 4120 „hicce

209 4131 385 4198 infinitivus
407 4133 486 4199 nihil
508 4133 615 4215 habet,
651 4153 754 4215 aquo
778 4137 926 4216 pendeat,
962 4137 1022 4204 sed
1044 4139 1090 4204 sic
1111 4143 1239 4204 veteres
1260 4121 1366 4202 indniss

214 4231 281 4296 tivo
303 4231 353 4295 uti
374 4230 479 4297 solent
499 4232 533 4296 in
555 4231 818 4298 admirationibus
839 4238 872 4298 et
893 4233 1180 4316 indignationibus,
1210 4233 1367 4300 subintel·
