3070 4758
379 269 383 286 ,«
441 250 529 294 ῦΔθΰθ
544 247 812 292 ΒΠΒΒΙἎΝΤΝΟΕΠΙ.
832 267 857 278 -
876 247 1040 288 cummines.
1259 253 1323 312 339

165 425 203 494 ir.
230 431 249 492 5
274 423 404 504 (Festus
425 443 456 507 p.
481 428 543 491 360
565 423 637 500 MA:
665 441 749 485 meae
777 431 837 486 tam
864 427 944 502 potis
965 425 1053 485 Pacis
1074 423 1174 499 potiri.
1221 415 1326 486 Plant.

165 523 279 606 Amph.
304 523 329 604 Ι,
355 527 458 603 1,32:
481 533 515 585 nt
537 525 613 585 salvi
634 528 807 597 poteremur
830 524 917 584 domi.
940 520 1023 585 Rud.
1044 523 1188 584 v.1337:
1212 520 1327 581 Eodem

167 622 248 702 [illo]
272 625 320 684 die
342 624 394 684 nbi
414 622 510 684 niduli
532 623 589 682 sies
606 621 730 694 ponas.
776 618 887 700 Amph.
903 611 928 697 I,
948 624 975 695 1,
991 623 1048 683 23:
1071 621 1129 694 uui
1150 619 1239 677 hodie
1261 615 1326 676 fue·

166 725 222 784 rim
247 723 337 795 liber,
360 723 437 780 Eum
459 737 538 779 nunc
559 719 667 793 petivit
688 726 776 793 pater
799 719 959 780 servitutis.
1004 716 1104 776 Potirc
1124 739 1168 768 ==
1189 712 1327 793 aliquem

167 818 216 882 rei
239 819 417 896 compotem
440 813 591 893 reddere,
620 813 810 894 participem
831 812 954 894 lacere,
980 829 1008 876 v.
1032 812 1162 878 Taubm.
1187 809 1278 891 Oapt.
1301 807 1328 889 I,

166 920 197 994 4,
221 919 276 980 24:
299 917 376 974 Nam
397 921 555 990 postquam
577 931 660 974 mens
682 918 730 973 est
751 931 805 975 rex
826 915 940 989 potitus
963 914 1101 986 hostium,
1124 909 1155 973 h.
1172 927 1199 974 e.
1218 908 1252 972 in
1270 905 1329 970 ho·

166 1013 262 1080 stium
295 1013 487 1091 potestatem
510 1009 606 1086 venit,
629 1009 750 1090 praeda
771 1007 875 1074 factus
898 1012 948 1074 est
969 1007 1122 1087 hostium,
1143 1033 1187 1062 =:
1208 1007 1249 1072 ab
1271 1005 1329 1069 ho·

168 1111 272 1176 stibus
295 1113 408 1188 captus
431 1111 489 1187 est,
513 1107 606 1187 quasi
627 1107 788 1187 possessio
810 1105 894 1172 lactu
915 1106 1064 1172 hostium.
1087 1104 1160 1170 Vid.
1184 1103 1330 1169 adhunc

171 1208 275 1272 locum
299 1205 450 1286 Scaliger.
474 1203 511 1268 cl.
537 1203 629 1285 Capt.
653 1204 679 1284 I,
703 1211 732 1285 2,
755 1211 812 1269 41:
846 1214 1004 1283 postquam
1031 1213 1137 1282 gnatus
1159 1212 1227 1266 tuus
1250 1205 1329 1280 poti-

169 1315 231 1368 tust
255 1308 392 1367 hostium.
427 1302 517 1382 Capt.
534 1301 593 1380 Ill,
618 1308 646 1383 5,
673 1307 751 1367 104:
774 1307 873 1368 Maior
894 1307 1007 1381 potitus
1028 1307 1197 1366 hostiumst.
1235 1299 1330 1380 Epid,

167 1403 223 1482 IV,
249 1409 277 1482 1,
302 1408 335 1466 5:
360 1403 519 1462 hostiumst
533 1404 640 1477 potita,
664 1400 726 1465 vid.
742 1401 842 1481 intpp.
870 1401 958 1466 Idem
974 1401 1095 1483 legitur
1109 1417 1138 1463 v.
1156 1402 1206 1465 35.
1233 1395 1331 1462 Ennii

169 1498 343 1568 Alexandri
365 1498 403 1563 fr.
428 1501 458 1577 8,
480 1516 509 1561 v.
533 1502 588 1562 82:
623 1502 667 1560 ιιιι·
695 1517 741 1560 me
764 1502 901 1576 miseret,
935 1502 993 1561 mci
1019 1503 1111 1578 piget.
1155 1493 1331 1561 Erechthei

167 1598 207 1664 ir.
224 1605 258 1663 4:
282 1618 355 1674 quos
379 1617 437 1658 non
460 1600 583 1659 miseret
604 1600 740 1660 nominis.
785 1597 937 1663 Hecubae
959 1594 998 1661 tr.
1016 1602 1048 1662 5:
1070 1600 1210 1660 miserete
1231 1595 1328 1656 anuis.

169 1696 273 1760 Plant.
297 1695 382 1759 Trin.
404 1693 448 1773 ll,
471 1700 502 1772 4,
526 1699 584 1759 30:
612 1699 739 1758 Miseret
762 1705 791 1758 te
815 1699 954 1772 aliorum,
984 1699 1028 1757 tui
1051 1714 1106 1758 nec
1128 1698 1252 1757 miseret
1274 1711 1329 1754 nec

92 1783 93 1788 ἵ
168 1798 270 1873 pudet.
315 1812 344 1855 v.
369 1798 422 1858 29:
456 1796 532 1855 Nam
562 1813 639 1854 nunc
663 1812 728 1854 eurn
751 1796 811 1856 vidi
837 1799 977 1857 miserum
1000 1801 1031 1856 et
1052 1813 1099 1856 me
1123 1796 1186 1856 eius
1214 1793 1330 1854 miseri·

168 1900 269 1955 tumst.
308 1890 406 1954 Stich.
423 1891 465 1969 ΙΙ,
483 1895 512 1968 2,
529 1896 561 1954 5:
584 1893 660 1952 Nam
682 1909 729 1952 me
753 1894 870 1968 quidem
892 1895 1055 1954 miserebat
1075 1895 1189 1954 harum.
1227 1887 1331 1955 Plant.

168 1989 282 2071 fragm.
306 1989 418 2052 Dinias
441 1988 632 2052 Nicodamus
655 1986 800 2054 Cadistus
823 2007 854 2070 p.
878 1995 941 2056 497
971 1988 1044 2054 Mai.
1068 2009 1097 2054 v,
1124 1993 1156 2054 3:
1191 1991 1261 2066 quia
1282 2003 1330 2048 me

169 2090 334 2150 miserebat
356 2090 408 2148 tui.
453 2086 569 2150 Bacch.
594 2085 650 2163 IV,
672 2093 701 2167 9,
727 2092 801 2151 121:
824 2091 952 2151 Miseret
972 2108 1018 2151 me
1041 2091 1132 2152 illins.
1178 2084 1256 2151 (list.
1271 2081 1329 2166 IV,

168 2191 198 2265 2,
226 2190 301 2250 103:
336 2204 382 2245 me
412 2187 499 2246 huius
529 2188 661 2250 miseret.
704 2185 819 2250 Pseud.
843 2186 868 2266 Ι,
893 2191 922 2266 3,
947 2192 1021 2252 144:
1055 2189 1168 2251 metui
1191 2185 1330 2247 misereri

166 2288 326 2362 postulas·
348 2282 476 2346 Terent.
492 2281 570 2346 Hec.
593 2283 619 2362 I,
646 2289 673 2361 l,
697 2289 729 2348 7:
753 2303 790 2346 ne
814 2287 1007 2362 quoiusquam
1029 2289 1179 2348 misereat.
1212 2281 1329 2347 Heaut.

168 2381 228 2459 III,
249 2387 275 2459 1,
293 2386 332 2444 54
349 2398 409 2459 sq.:
432 2389 465 2441 nt
487 2400 532 2442 me
556 2389 672 2442 tuarum
694 2385 903 2454 miseritnmst,
927 2385 1112 2458 Manedcme‚
1132 2382 1329 2444 fortunarum.

168 2477 287 2542 Heaut.
311 2477 349 2555 V,
372 2485 402 2558 4,
426 2484 459 2544 3:
482 2480 587 2553 Inops
611 2499 688 2541 nnnc
709 2487 739 2542 te
762 2483 938 2542 miserescat
957 2483 1022 2542 mei.
1066 2480 1144 2546 Hec.
1167 2477 1192 2560 Ι,
1216 2485 1246 2558 2,
1271 2483 1328 2543 54ι

168 2585 203 2638 ιιι
225 2580 321 2652 ipsam
343 2579 539 2656 Bacchidem,
574 2578 606 2638 Si
629 2579 762 2652 adesset,
793 2581 884 2641 credo
911 2581 953 2640 ihi
975 2582 1037 2642 aas
1059 2582 1328 2643 communesne-et.

166 2672 274 2737 Plant.
298 2672 391 2738 Most.
415 2672 441 2751 1,
463 2679 493 2754 4,
516 2679 551 2738 4:
585 2677 634 2736 Ita
655 2693 702 2736 ms
726 2677 768 2738 ibi
791 2680 867 2740 male
897 2680 1013 2740 convivi
1042 2682 1243 2755 sermonisque
1267 2686 1331 2740 tae·

168 2780 274 2834 sumet.
321 2769 435 2836 Caecil.
465 2771 546 2837 Stat.
569 2771 712 2836 Plocium
739 2772 778 2838 fr.
803 2779 831 2852 2,
862 2793 891 2838 v.
917 2779 992 2840 159:
1025 2778 1139 2838 Taedet
1164 2777 1329 2839 monachis.

167 2867 301 2934 Terent.
324 2869 458 2948 Adelph.
481 2868 507 2950 Ι,
531 2874 560 2949 2,
586 2875 626 2936 70
648 2888 710 2950 sq:
745 2876 835 2936 credo
857 2877 915 2934 iam
944 2879 1071 2936 omnium
1094 2877 1260 2949 Taedebat,
1286 2890 1330 2939 sc.

167 2985 252 3031 eum.
298 2965 402 3031 Plant.
419 2967 513 3032 Truc.
536 2967 578 3047 Π,
603 2973 632 3049 2,
657 2973 712 3034 25:
736 2979 769 3032 ut
791 2971 905 3034 nacta's
929 2975 1086 3048 hominem,
1111 2989 1196 3049 quem
1218 2973 1331 3048 pudeat

167 3065 296 3144 probri?
339 3063 455 3129 Bacch.
479 3064 534 3144 IV,
559 3071 588 3147 9,
614 3072 670 3133 93:
706 3074 810 3145 quoius
832 3089 879 3132 me
902 3091 980 3133 nnnc
1001 3074 1075 3134 facti
1096 3072 1197 3147 pudet.
1241 3066 1329 3133 rrin.

165 3164 223 3241 IV,
241 3167 270 3242 2,
288 3166 343 3226 67:
368 3165 464 3224 Deum
487 3183 533 3226 me
557 3167 659 3226 hercle
683 3176 772 3243 atque
793 3171 940 3230 hominum
960 3172 1060 3246 pudet,
1083 3169 1124 3234 ad
1139 3184 1169 3247 q.
1185 3167 1206 3232 l.
1222 3165 1330 3232 Linde

166 3261 263 3344 „Non
285 3278 339 3324 res
361 3265 487 3325 tantum
517 3266 550 3325 ct
575 3260 674 3343 lacta,
709 3263 825 3344 quibus
854 3267 957 3346 pudor
983 3266 1016 3330 in
1037 3268 1134 3346 [nobis
1162 3267 1329 3345 excitatur,

164 3359 266 3427 verbo
299 3359 421 3439 pudere
455 3358 488 3422 in
518 3360 658 3440 genitivo
690 3368 894 3442 apponuntur
922 3381 1096 3444 eorumque
1123 3383 1181 3431 nos
1210 3363 1333 3446 pudere

165 3458 311 3536 dicimus,
336 3457 391 3522 scd
414 3456 510 3521 etiam
531 3473 688 3536 personae
709 3475 843 3539 quarum
863 3461 1046 3528 reverentia
1065 3464 1219 3544 pudorem
1240 3462 1332 3527 nohis

165 3554 301 3621 inlicit.“
344 3556 478 3621 Duobus
506 3555 619 3620 deinde
645 3556 791 3622 Terentii
812 3558 891 3625 locis
912 3560 1018 3628 allatis
1038 3562 1157 3644 pergit:
1180 3560 1333 3642 „Utrobi-

166 3671 231 3733 que
248 3657 363 3730 puderc
385 3655 513 3716 artatus
536 3659 599 3718 cst:
637 3653 689 3738 tot
718 3668 775 3720 ιιι
799 3655 894 3722 etnam
916 3656 1057 3741 Ῐιιιᾶιιιιι.
1102 3661 1206 3743 Igitur
1228 3656 1350 3726 omnia-

166 3766 250 3829 quae
273 3751 396 3832 pudore
422 3748 578 3832 afficiunt,
614 3752 680 3817 sive
703 3753 758 3818 illa
779 3754 812 3820 iu
834 3756 930 3821 rebus
952 3759 1106 3840 ,turpibus
1133 3763 1334 3838 censeantur,

166 3849 235 3913 sive
258 3866 414 3926 personae
444 3851 508 3914 sint
528 3850 711 3915 reverentia
734 3853 863 3934 dignae,
894 3855 1090 3922 adverbum
1109 3859 1222 3933 pudere
1243 3855 1334 3936 geni-

164 3946 233 4010 tivo
258 3947 454 4012 struuntur*
501 3948 588 4012 Asin.
612 3948 650 4028 V,
675 3953 704 4028 2,
728 3954 784 4014 83;
807 3955 896 4014 Nilne
921 3961 950 4015 te
973 3957 1088 4031 pudet?
1130 3955 1199 4019 DE.
1230 3959 1284 4017 Pol
1308 3957 1335 4018 si

165 4047 243 4106 alint
266 4047 308 4105 nil
332 4047 379 4120 sit,
402 4047 447 4107 tat
469 4066 525 4121 mc,
549 4065 634 4119 uxor,
657 4050 761 4123 pudet.
805 4047 919 4114 Bacch.
936 4049 996 4132 ΠΙ,
1015 4059 1042 4132 1,
1066 4058 1121 4118 12:
1144 4057 1248 4132 Neque
1271 4058 1331 4118 mei

164 4147 265 4218 neque
291 4144 334 4202 tui
356 4146 408 4204 ted
430 4148 511 4208 intus
534 4148 700 4221 puditumst
722 4144 812 4208 lactis
835 4167 910 4224 quoe
933 4151 1017 4215 lacis.
1062 4151 1188 4217 Terent.
1211 4150 1331 4215 Heaut.

161 4239 207 4319 ΙΙ,
232 4243 262 4316 3,
292 4242 344 4302 19:
381 4244 491 4314 Quoius
515 4261 593 4304 nnnc
614 4243 707 4318 pudet
730 4262 779 4305 me
802 4254 833 4306 et
854 4249 985 4324 miseret,
1018 4265 1085 4314 ιιι
1108 4248 1173 4316 tem
1194 4247 1236 4331 iq
1258 4243 1333 4327 atq

1056 4358 1120 4422 22*
