3040 4758
230 281 271 335 44
662 268 817 309 SUBSTAM'I'.
832 268 894 306 CAP.
910 267 948 306 ΙΙΙ.

230 451 407 518 oportet-
423 444 500 501 hunc
516 460 593 500 -o
615 443 731 515 foribus
752 445 876 518 pellere.
920 439 1015 504 Most.
1038 437 1097 518 III,
1120 442 1155 516 2,
1182 442 1256 503 140:
1283 441 1321 500 ab
1343 442 1388 499 in-

229 541 318 601 iumo.
363 537 448 603 Pers.
473 538 510 618 V,
539 543 564 618 l,
591 542 643 604 19:
676 541 755 616 Age,
790 557 897 615 puero,
931 557 951 598 a
971 556 1083 598 summo
1107 541 1240 611 septenis
1270 539 1389 613 cyathis

230 641 379 699 committe
404 638 575 698 hesiodos.
620 635 714 700 Most.
739 635 797 714 III,
823 641 851 713 2,
876 639 951 699 17οε
987 636 1131 711 Equidem
1159 637 1233 695 bant
1262 652 1389 710 usquam

229 738 384 810 coedibus
403 735 563 810 apscedam
579 737 644 795 tois.
680 733 773 796 Most.
790 733 815 810 Ι,
840 738 867 810 l,
890 738 923 795 7:
944 735 1072 794 abscede
1089 734 1126 792 ab
1143 731 1271 794 aalma.
1308 746 1336 792 v.
1354 733 1387 793 8:

229 836 356 894 abscede
380 835 417 893 ab
439 833 542 892 ianua.
577 828 671 894 Most.
688 850 716 894 v.
732 835 811 893 465:
835 833 962 892 abscede
987 833 1024 891 ob
1046 831 1175 891 oedibus.
1209 827 1251 904 H,
1276 831 1307 906 2,
1332 831 1388 890 80:

228 932 366 992 Abscede
383 932 421 990 ab
436 932 539 989 ianua.
573 925 667 992 Most.
681 925 735 1006 IV,
760 933 788 1004 3,
813 931 846 990 6:
867 926 897 987 A
920 929 985 1000 foro
1008 928 1114 987 incedo
1137 929 1262 987 domum.
1303 923 1388 987 Men.

226 1043 255 1089 v.
275 1031 349 1090 158:
375 1029 513 1088 Concede
536 1027 594 1086 huc
615 1045 635 1085 o
656 1027 780 1099 foribus.
815 1045 843 1088 v.
863 1030 939 1091 159:
961 1026 1160 1086 Etiamnunc
1182 1025 1315 1084 concede
1338 1041 1388 1082 an·

228 1127 332 1184 dacter
355 1127 391 1185 ab
414 1125 529 1185 boniac
551 1142 631 1183 cuno.
674 1122 713 1203 V,
739 1128 766 1201 1,
791 1129 845 1188 79:
870 1126 1007 1185 Concede
1024 1126 1081 1183 hnc
1099 1155 1136 1164 —
1155 1123 1192 1181 ab
1211 1122 1285 1182 istoc
1301 1137 1389 1196 quam

229 1229 330 1297 potest
357 1225 545 1296 longissume.
591 1219 685 1284 Most.
709 1219 756 1299 ΙΙ,
783 1225 814 1299 l,
838 1223 894 1284 82:
930 1222 1097 1281 Concedam
1127 1236 1147 1279 u
1174 1219 1291 1291 temdus
1319 1219 1387 1276 buc.
1499 1301 1500 1304 Ἴ

229 1317 316 1380 Pers.
334 1334 363 1381 v.
381 1321 436 1380 50:
460 1336 514 1394 ops
537 1323 563 1378 te
586 1338 772 1380 concessero.
811 1319 904 1384 Most.
921 1315 957 1395 V,
982 1321 1010 1394 2,
1035 1319 1067 1378 6:
1093 1319 1150 1392 Qui
1173 1320 1302 1390 epatre
1325 1317 1388 1374 eins

228 1419 416 1477 conciliarem
441 1435 554 1492 pacem.
590 1414 703 1496 Amph.
725 1413 783 1495 ΙΙΙ,
807 1421 835 1493 3,
862 1417 981 1479 12t'1u
1003 1417 1231 1492 gubernatorem
1255 1415 1294 1473 ab
1316 1410 1388 1471 novi
1499 1445 1500 1450 κ

228 1514 284 1572 huc
313 1531 411 1574 evoca.
457 1511 573 1576 Pseud.
595 1511 618 1585 I,
643 1517 671 1588 3,
699 1517 755 1576 62;
778 1524 934 1590 postquam
958 1515 1060 1572 hercle
1084 1515 1134 1572 isti
1155 1529 1175 1570 α
1196 1528 1300 1572 mensu
1323 1526 1386 1570 sur-

227 1619 299 1686 gunt
322 1619 455 1671 saturata
477 1619 554 1672 cute.
592 1607 706 1673 Pseud.
727 1609 757 1688 Ι,
782 1615 810 1688 5,
837 1615 910 1673 112:
934 1613 970 1670 ab
993 1613 1099 1670 lenone
1123 1611 1179 1669 hoc
1203 1611 1302 1669 vicino
1325 1614 1386 1667 tuo.

227 1705 269 1781 ΙΙ,
295 1711 322 1782 2,
349 1711 380 1770 3:
413 1709 569 1783 Septumas
594 1726 660 1767 esse
684 1710 766 1768 aedis
790 1725 809 1766 a
825 1713 924 1780 portu.
969 1706 1024 1784 IV,
1048 1710 1076 1782 2,
1101 1709 1134 1769 5:
1169 1708 1224 1767 hoc
1248 1716 1296 1766 cst
1321 1723 1386 1764 sex-

227 1811 287 1862 tum
312 1811 440 1878 oporto
461 1823 634 1881 proxumum
655 1809 859 1882 Airgiportum.
898 1802 940 1881 ΙΙ,
965 1808 993 1880 2,
1019 1808 1075 1867 23;
1099 1805 1168 1863 hinc
1191 1821 1210 1862 a
1232 1805 1318 1864 nobis
1342 1809 1387 1863 est

226 1910 374 1962 mercatus
397 1905 561 1962 mulierem.
608 1899 696 1978 Capt.
712 1901 755 1978 ΙΙ,
780 1906 810 1980 3,
835 1905 888 1965 93;
912 1904 980 1961 illos
1002 1904 1058 1961 emi
1080 1905 1116 1962 de
1131 1903 1246 1977 praeda
1261 1918 1282 1959 o
1297 1917 1386 1974 qaae·

226 2001 362 2060 storibas.
398 1997 486 2061 Pers
500 1997 554 2077 IV,
577 2003 607 2078 4,
632 2003 706 2062 102:
730 2002 827 2060 aderit
848 2002 904 2059 buc
921 2007 952 2058 et
968 2001 1020 2060 abs
1041 2004 1067 2058 tc
1088 2001 1215 2058 redimet
1236 2017 1293 2058 me.
1334 1997 1382 2059 [le
1500 2051 1501 2066 ,

226 2094 332 2159 verbis
356 2097 469 2156 emendi
491 2114 562 2160 cnm
584 2114 691 2175 praep.
717 2099 754 2156 ab
777 2094 952 2159 coniunctis
977 2095 1037 2159 vid.
1055 2095 1250 2159 Fleckeisen.
1276 2111 1385 2157 exerc.

225 2191 328 2256 Plaut.
352 2209 382 2271 p.
406 2196 458 2255 49.
492 2191 607 2258 Pseud.
620 2193 662 2271 11,
686 2202 716 2271 4,
739 2196 795 2256 48:
820 2191 929 2270 (sapit)
956 2196 1076 2254 Hirrum
1102 2195 1139 2253 ab
1162 2193 1228 2252 alis.
1265 2191 1383 2255 Pseud.

225 2307 254 2353 v.
280 2293 375 2353 1163:
412 2293 515 2352 Haben
538 2300 691 2369 argentum
716 2294 753 2350 ab
774 2292 908 2350 bomine?
954 2287 1037 2353 Men.
1060 2289 1138 2369 proi.
1162 2309 1189 2353 v.
1215 2295 1270 2353 31:
1305 2292 1384 2350 Puer

224 2391 303 2449 inter
327 2390 461 2450 homines
484 2392 526 2450 ibi
548 2393 699 2450 aberravit
722 2407 742 2449 o
757 2393 855 2462 patre.
900 2387 984 2452 Men.
1007 2387 1046 2466 V,
1071 2393 1099 2464 9,
1124 2393 1177 2450 54:
1215 2391 1299 2447 Inter
1330 2389 1382 2446 ho-

223 2489 317 2545 mines
340 2504 386 2545 me
410 2488 550 2546 deerrare
574 2491 707 2559 epatre.
751 2483 806 2562 IV,
831 2489 859 2564 2,
885 2487 958 2548 108:
985 2489 1065 2559 Quae
1090 2505 1135 2546 me
1158 2503 1216 2546 non
1241 2486 1382 2546 excludet

223 2583 261 2641 od
289 2599 328 2643 se.
374 2579 464 2660 V,2,
492 2586 565 2645 100:
599 2587 680 2644 Haut
709 2587 786 2644 male.
814 2587 905 2644 illanc
938 2601 1028 2643 ome
1055 2588 1159 2644 amovi.
1204 2580 1242 2661 V,
1271 2588 1300 2661 7,
1326 2585 1379 2644 22:

222 2679 316 2755 Eripe
334 2682 449 2741 oculum
473 2683 533 2754 isti,
558 2690 587 2741 te
611 2683 648 2741 ob
671 2683 790 2742 homero
814 2685 864 2756 qui
887 2689 977 2742 tenet.
1015 2679 1053 2754 V,
1078 2684 1107 2756 9,
1132 2683 1186 2741 56;
1209 2691 1270 2739 tum
1292 2698 1380 2759 quom

221 2785 308 2853 pater
337 2795 356 2836 o
378 2778 484 2850 patrio
513 2787 542 2838 te
565 2783 673 2840 avehit.
713 2777 807 2841 Mero.
826 2777 867 2856 ΙΙ,
891 2785 921 2855 4,
945 2783 978 2840 9;
1001 2779 1107 2838 Omnia
1127 2797 1181 2854 ego
1204 2780 1300 2838 istaec
1325 2796 1375 2837 au-

221 2878 348 2935 scultavi
370 2876 408 2934 ab
431 2875 511 2935 ostio.
543 2875 657 2940 Bacch.
682 2875 723 2953 II,
748 2879 776 2951 2,
802 2880 854 2938 19;
878 2877 980 2951 Egone
1000 2886 1041 2948 nt,
1067 2878 1145 2951 qnod
1169 2877 1206 2936 ob
1227 2877 1279 2935 illo
1304 2873 1377 2952 [me]
1501 2859 1502 2882 ¹

222 2975 372 3046 attigisset
401 2975 535 3046 nuntius,
577 2977 643 3034 Non
670 2977 852 3050 inpetratum
880 2975 911 3032 id
941 2975 1110 3033 advenienti
1141 2976 1169 3032 ei
1199 2971 1377 3033 redderem?

219 3067 333 3132 Bacch.
350 3067 410 3146 III,
435 3074 463 3146 5,
487 3075 520 3134 3:
545 3075 570 3132 si
593 3093 611 3131 a
633 3091 678 3132 me
701 3074 800 3144 tetigit
823 3073 951 3130 nuntius.
990 3067 1084 3133 Most.
1101 3069 1138 3149 V,
1162 3073 1191 3148 2,
1214 3073 1270 3132 43;
1295 3073 1377 3130 Aliut

219 3168 333 3241 quidvis
356 3169 504 3241 inpetrari
526 3171 675 3244 perieram
701 3187 721 3227 o
742 3187 786 3228 mc
808 3168 935 3228 facilius.
981 3165 1050 3230 Cas,
1074 3166 1116 3246 II,
1141 3171 1175 3244 6,
1202 3171 1253 3230 12:
1277 3173 1375 3243 Atque

218 3281 272 3338 ego
298 3267 400 3323 censui
423 3266 475 3325 obs
498 3271 524 3326 te
545 3285 634 3342 posse
659 3269 714 3326 hoc
739 3285 784 3324 me
808 3269 968 3341 inpetrare.
1014 3263 1084 3328 nul.
1108 3264 1162 3341 IV,
1187 3270 1215 3342 7,
1240 3268 1274 3327 6:
1298 3268 1375 3326 istuc
1501 3301 1502 3308 .

219 3361 334 3420 confido
355 3379 375 3419 a
396 3362 494 3434 fratre
517 3383 562 3425 me
590 3368 818 3440 impetrassere,
860 3362 900 3426 ad
931 3379 959 3440 q.
987 3361 1006 3424 l.
1035 3361 1106 3426 vide
1136 3362 1374 3426 adnotationem

217 3453 366 3520 Goelleri.
398 3455 495 3522 Stich.
513 3476 540 3521 v.
558 3465 613 3523 71:
637 3480 725 3536 spero
748 3463 786 3521 ab
809 3479 840 3520 eo
864 3465 1074 3536 inpetrassere.
1108 3458 1196 3523 Pers.
1212 3459 1238 3537 I,
1264 3464 1291 3535 l,
1315 3462 1372 3521 42:

215 3562 248 3614 tu
271 3572 376 3630 aquam
399 3573 419 3614 a
434 3558 554 3628 pumice
577 3560 678 3620 hercle
702 3562 844 3634 postulas.
880 3557 905 3634 Ι,
930 3562 959 3634 3,
983 3560 1037 3621 83:
1062 3559 1209 3618 Continuo
1234 3571 1265 3617 tn
1288 3561 1370 3616 illam

126 3680 132 3690 ·
216 3653 359 3710 olenonc
381 3655 513 3713 adserito
535 3673 631 3716 manu.
668 3655 729 3732 ΙΙΙ,
754 3660 783 3733 3,
811 3659 862 3719 18:
885 3657 1007 3716 Possum
1031 3673 1051 3713 a
1072 3661 1099 3715 te
1121 3660 1241 3732 exigere
1265 3675 1372 3732 argen-

214 3749 296 3808 tum?
340 3767 369 3811 v.
394 3753 448 3813 30:
477 3751 583 3823 afore
605 3755 744 3829 Fugiunt.
789 3752 884 3816 Most.
908 3751 950 3831 ΙΙ,
976 3756 1003 3829 1,
1026 3757 1082 3815 43:
1112 3762 1146 3812 ut
1168 3751 1262 3844 fngiat
1285 3756 1370 3826 longo

109 3923 112 3930 Ι
214 3848 251 3905 ab
275 3847 405 3907 oedibus
451 3845 565 3912 Bacch.
588 3848 630 3927 Π,
662 3854 690 3927 3,
718 3854 791 3913 108;
828 3852 993 3911 Censebam
1024 3869 1070 3911 me
1096 3851 1242 3924 eciugisse
1270 3853 1372 3912 avita

212 3945 383 4003 marituma.
426 3941 515 4009 Pers.
539 3963 568 4011 v.
593 3950 670 4010 604:
705 3949 734 4007 A
759 3953 841 4007 terro
868 3951 905 4010 ad
929 3953 1042 4010 coelum
1071 3949 1234 4026 quidiubet.
1280 3947 1368 4011 Pera.

212 4037 266 4118 IV,
291 4047 319 4120 3,
343 4044 399 4104 61:
427 4047 584 4106 arcessivit
606 4047 687 4105 illam
713 4063 731 4106 a
753 4048 833 4105 noni.
879 4044 963 4108 Trin.
988 4043 1048 4125 ΙΙΙ,
1072 4051 1101 4124 3,
1125 4051 1179 4110 291
1207 4049 1257 4108 Ab
1278 4049 1369 4106 amico

211 4141 348 4199 alicunde
372 4147 503 4202 mutuom
527 4154 680 4219 argentum
705 4161 815 4217 rogem.
854 4142 968 4222 Amph.
984 4142 1061 4224 prol.
1080 4161 1107 4208 v.
1125 4149 1180 4208 64:
1203 4147 1290 4206 Nunc
1313 4147 1367 4204 hoc

210 4253 256 4294 me
281 4255 366 4297 orare
397 4253 417 4294 a
443 4241 525 4300 cobis
552 4242 639 4302 iussit
663 4243 807 4315 luppiter.
853 4237 968 4304 Bacch.
992 4240 1046 4318 IV,
1071 4245 1100 4320 9,
1127 4247 1201 4306 102:
1235 4245 1320 4304 Nunc
1343 4240 1367 4300 si
