<?xml version="1.0" encoding="UTF-8"?>
<!DOCTYPE html PUBLIC "-//W3C//DTD XHTML 1.0 Transitional//EN"
    "http://www.w3.org/TR/xhtml1/DTD/xhtml1-transitional.dtd">
<html xmlns="http://www.w3.org/1999/xhtml" xml:lang="en" lang="en">
 <head>
  <title>
</title>
<meta http-equiv="Content-Type" content="text/html;charset=utf-8" />
  <meta name='ocr-system' content='tesseract 3.04.00' />
  <meta name='ocr-capabilities' content='ocr_page ocr_carea ocr_par ocr_line ocrx_word'/>
</head>
<body>
  <div class='ocr_page' id='page_1' title='image "./syntaxispriscor01holtgoog_0071.png"; bbox 0 0 3040 4758; ppageno 0'>
   <div class='ocr_carea' id='block_1_1' title="bbox 191 281 922 343">
    <p class='ocr_par' dir='ltr' id='par_1_1' title="bbox 191 281 922 343">
     <span class='ocr_line' id='line_1_1' title="bbox 191 281 922 343; baseline 0.003 -24"><span class='ocrx_word' id='word_1_1' title='bbox 191 286 231 343; x_wconf 70' lang='lat'><strong>54</strong></span> <span class='ocrx_word' id='word_1_2' title='bbox 624 281 778 323; x_wconf 74' lang='lat' dir='ltr'><strong>SUBSTANT.</strong></span> <span class='ocrx_word' id='word_1_3' title='bbox 802 282 866 324; x_wconf 77' lang='grc' dir='ltr'><strong>ΟΔΡ.</strong></span> <span class='ocrx_word' id='word_1_4' title='bbox 882 283 922 322; x_wconf 88' lang='grc' dir='ltr'>ΙΙΙ.</span> 
     </span>
    </p>
   </div>
   <div class='ocr_carea' id='block_1_2' title="bbox 183 449 1364 1990">
    <p class='ocr_par' dir='ltr' id='par_1_2' title="bbox 186 449 1364 1020">
     <span class='ocr_line' id='line_1_2' title="bbox 187 449 1347 536; baseline 0.002 -22"><span class='ocrx_word' id='word_1_5' title='bbox 187 449 264 530; x_wconf 86' lang='lat' dir='ltr'><strong>quid</strong></span> <span class='ocrx_word' id='word_1_6' title='bbox 286 451 345 516; x_wconf 88' lang='lat' dir='ltr'><strong>tibi</strong></span> <span class='ocrx_word' id='word_1_7' title='bbox 368 451 500 530; x_wconf 89' lang='lat' dir='ltr'><strong>prosit.“</strong></span> <span class='ocrx_word' id='word_1_8' title='bbox 545 451 660 518; x_wconf 86' lang='lat' dir='ltr'><strong>Heaut.</strong></span> <span class='ocrx_word' id='word_1_9' title='bbox 678 455 719 536; x_wconf 94' lang='lat' dir='ltr'><strong>II,</strong></span> <span class='ocrx_word' id='word_1_10' title='bbox 740 461 767 536; x_wconf 95' lang='grc'>1,</span> <span class='ocrx_word' id='word_1_11' title='bbox 789 459 825 521; x_wconf 85' lang='lat'><strong>9:</strong></span> <span class='ocrx_word' id='word_1_12' title='bbox 846 461 992 534; x_wconf 89' lang='lat' dir='ltr'><strong>periclum</strong></span> <span class='ocrx_word' id='word_1_13' title='bbox 1016 475 1053 519; x_wconf 85' lang='lat' dir='ltr'><strong>ex</strong></span> <span class='ocrx_word' id='word_1_14' title='bbox 1072 459 1140 518; x_wconf 89' lang='lat' dir='ltr'><strong>aliis</strong></span> <span class='ocrx_word' id='word_1_15' title='bbox 1162 456 1263 530; x_wconf 86' lang='lat' dir='ltr'><strong>facito,</strong></span> <span class='ocrx_word' id='word_1_16' title='bbox 1292 459 1347 516; x_wconf 88' lang='lat' dir='ltr'><strong>tibi</strong></span> 
     </span>
     <span class='ocr_line' id='line_1_3' title="bbox 188 551 1346 634; baseline 0.003 -24"><span class='ocrx_word' id='word_1_17' title='bbox 188 551 258 625; x_wconf 89' lang='lat' dir='ltr'><strong>qnid</strong></span> <span class='ocrx_word' id='word_1_18' title='bbox 282 570 317 610; x_wconf 82' lang='lat' dir='ltr'><strong>cc</strong></span> <span class='ocrx_word' id='word_1_19' title='bbox 339 569 396 611; x_wconf 77' lang='lat' dir='ltr'><strong>cosa</strong></span> <span class='ocrx_word' id='word_1_20' title='bbox 419 554 485 612; x_wconf 90' lang='lat' dir='ltr'><strong>siet.</strong></span> <span class='ocrx_word' id='word_1_21' title='bbox 531 551 608 616; x_wconf 91' lang='lat' dir='ltr'><strong>Hec.</strong></span> <span class='ocrx_word' id='word_1_22' title='bbox 632 553 687 634; x_wconf 92' lang='lat' dir='ltr'><strong>IV,</strong></span> <span class='ocrx_word' id='word_1_23' title='bbox 714 558 822 633; x_wconf 85' lang='lat'>1‚33:</span> <span class='ocrx_word' id='word_1_24' title='bbox 856 559 881 616; x_wconf 89' lang='lat' dir='ltr'><strong>si</strong></span> <span class='ocrx_word' id='word_1_25' title='bbox 910 574 946 616; x_wconf 84' lang='lat' dir='ltr'><strong>cc</strong></span> <span class='ocrx_word' id='word_1_26' title='bbox 973 574 1030 617; x_wconf 84' lang='lat' dir='ltr'><strong>aaa</strong></span> <span class='ocrx_word' id='word_1_27' title='bbox 1060 561 1142 616; x_wconf 89' lang='lat' dir='ltr'><strong>esset</strong></span> <span class='ocrx_word' id='word_1_28' title='bbox 1163 561 1266 614; x_wconf 91' lang='lat' dir='ltr'><strong>nostro</strong></span> <span class='ocrx_word' id='word_1_29' title='bbox 1290 556 1346 614; x_wconf 93' lang='lat' dir='ltr'><strong>hoc</strong></span> 
     </span>
     <span class='ocr_line' id='line_1_4' title="bbox 188 645 1345 733; baseline 0.004 -26"><span class='ocrx_word' id='word_1_30' title='bbox 188 647 442 723; x_wconf 79' lang='lat' dir='ltr'><strong>matrimoninmi,</strong></span> <span class='ocrx_word' id='word_1_31' title='bbox 476 645 516 711; x_wconf 92' lang='lat' dir='ltr'><strong>ad</strong></span> <span class='ocrx_word' id='word_1_32' title='bbox 545 664 573 727; x_wconf 90' lang='lat' dir='ltr'><strong>q.</strong></span> <span class='ocrx_word' id='word_1_33' title='bbox 597 647 617 713; x_wconf 94' lang='lat' dir='ltr'><strong>l.</strong></span> <span class='ocrx_word' id='word_1_34' title='bbox 641 649 783 716; x_wconf 80' lang='lat' dir='ltr'><strong>Ruhnk:</strong></span> <span class='ocrx_word' id='word_1_35' title='bbox 818 670 912 733; x_wconf 77' lang='lat' dir='ltr'><strong>„prot</strong></span> <span class='ocrx_word' id='word_1_36' title='bbox 948 651 976 716; x_wconf 91' lang='lat' dir='ltr'><strong>si</strong></span> <span class='ocrx_word' id='word_1_37' title='bbox 1003 649 1095 715; x_wconf 90' lang='lat' dir='ltr'><strong>nobis</strong></span> <span class='ocrx_word' id='word_1_38' title='bbox 1121 647 1201 713; x_wconf 88' lang='lat' dir='ltr'><strong>utile</strong></span> <span class='ocrx_word' id='word_1_39' title='bbox 1230 647 1345 714; x_wconf 89' lang='lat' dir='ltr'><strong>esset.“</strong></span> 
     </span>
     <span class='ocr_line' id='line_1_5' title="bbox 187 742 1364 829; baseline 0.002 -23"><span class='ocrx_word' id='word_1_40' title='bbox 187 742 268 806; x_wconf 89' lang='lat' dir='ltr'><strong>Eun.</strong></span> <span class='ocrx_word' id='word_1_41' title='bbox 292 743 329 823; x_wconf 96' lang='lat' dir='ltr'><strong>V,</strong></span> <span class='ocrx_word' id='word_1_42' title='bbox 353 747 383 822; x_wconf 89' lang='lat'><strong>8,</strong></span> <span class='ocrx_word' id='word_1_43' title='bbox 410 749 451 808; x_wconf 83' lang='grc'><strong>47</strong></span> <span class='ocrx_word' id='word_1_44' title='bbox 458 765 466 808; x_wconf 90' lang='lat'>:</span> <span class='ocrx_word' id='word_1_45' title='bbox 501 763 557 809; x_wconf 91' lang='lat' dir='ltr'><strong>nec</strong></span> <span class='ocrx_word' id='word_1_46' title='bbox 585 753 678 826; x_wconf 84' lang='lat' dir='ltr'><strong>magis</strong></span> <span class='ocrx_word' id='word_1_47' title='bbox 705 769 741 810; x_wconf 80' lang='lat' dir='ltr'><strong>ca</strong></span> <span class='ocrx_word' id='word_1_48' title='bbox 768 769 826 812; x_wconf 84' lang='lat' dir='ltr'><strong>asa</strong></span> <span class='ocrx_word' id='word_1_49' title='bbox 854 757 903 811; x_wconf 83' lang='lat' dir='ltr'><strong>tao</strong></span> <span class='ocrx_word' id='word_1_50' title='bbox 929 753 1061 812; x_wconf 87' lang='lat' dir='ltr'><strong>Nemost.</strong></span> <span class='ocrx_word' id='word_1_51' title='bbox 1105 743 1231 809; x_wconf 91' lang='lat' dir='ltr'><strong>Phorm.</strong></span> <span class='ocrx_word' id='word_1_52' title='bbox 1254 744 1292 823; x_wconf 93' lang='lat' dir='ltr'><strong>V,</strong></span> <span class='ocrx_word' id='word_1_53' title='bbox 1316 749 1364 829; x_wconf 77' lang='grc' dir='ltr'><strong>8,Ι</strong></span> 
     </span>
     <span class='ocr_line' id='line_1_6' title="bbox 186 842 1345 924; baseline 0 -20"><span class='ocrx_word' id='word_1_54' title='bbox 186 846 243 904; x_wconf 80' lang='lat'><strong>76:</strong></span> <span class='ocrx_word' id='word_1_55' title='bbox 264 843 331 902; x_wconf 91' lang='lat' dir='ltr'><strong>Non</strong></span> <span class='ocrx_word' id='word_1_56' title='bbox 347 843 449 903; x_wconf 90' lang='lat' dir='ltr'><strong>hercle</strong></span> <span class='ocrx_word' id='word_1_57' title='bbox 469 862 505 904; x_wconf 82' lang='lat' dir='ltr'><strong>oc</strong></span> <span class='ocrx_word' id='word_1_58' title='bbox 525 863 557 905; x_wconf 86' lang='lat' dir='ltr'><strong>ro</strong></span> <span class='ocrx_word' id='word_1_59' title='bbox 579 849 665 906; x_wconf 91' lang='lat' dir='ltr'><strong>istius</strong></span> <span class='ocrx_word' id='word_1_60' title='bbox 687 864 734 907; x_wconf 91' lang='lat' dir='ltr'><strong>me</strong></span> <span class='ocrx_word' id='word_1_61' title='bbox 757 851 916 924; x_wconf 78' lang='lat' dir='ltr'><strong>instigasti,</strong></span> <span class='ocrx_word' id='word_1_62' title='bbox 939 848 1087 922; x_wconf 87' lang='lat' dir='ltr'><strong>Demipho</strong></span> <span class='ocrx_word' id='word_1_63' title='bbox 1108 842 1149 916; x_wconf 90' lang='lat' dir='ltr'><strong>(h.</strong></span> <span class='ocrx_word' id='word_1_64' title='bbox 1166 861 1194 908; x_wconf 89' lang='lat' dir='ltr'><strong>e.</strong></span> <span class='ocrx_word' id='word_1_65' title='bbox 1210 860 1249 906; x_wconf 85' lang='lat' dir='ltr'><strong>ex</strong></span> <span class='ocrx_word' id='word_1_66' title='bbox 1264 845 1345 912; x_wconf 79' lang='lat' dir='ltr'><strong>usui.</strong></span> 
     </span>
     <span class='ocr_line' id='line_1_7' title="bbox 188 936 1260 1020; baseline 0 -18"><span class='ocrx_word' id='word_1_67' title='bbox 188 938 269 1002; x_wconf 88' lang='lat' dir='ltr'><strong>Eun.</strong></span> <span class='ocrx_word' id='word_1_68' title='bbox 293 936 318 1016; x_wconf 92' lang='lat' dir='ltr'><strong>I,</strong></span> <span class='ocrx_word' id='word_1_69' title='bbox 343 941 373 1015; x_wconf 84' lang='lat'><strong>2,</strong></span> <span class='ocrx_word' id='word_1_70' title='bbox 398 941 471 1002; x_wconf 89' lang='lat'>118:</span> <span class='ocrx_word' id='word_1_71' title='bbox 494 946 593 1018; x_wconf 80' lang='lat' dir='ltr'>Atque</span> <span class='ocrx_word' id='word_1_72' title='bbox 617 945 800 1004; x_wconf 78' lang='lat' dir='ltr'><strong>oratiorum</strong></span> <span class='ocrx_word' id='word_1_73' title='bbox 823 947 950 1020; x_wconf 76' lang='lat' dir='ltr'><strong>imperetis</strong></span> <span class='ocrx_word' id='word_1_74' title='bbox 969 961 1048 1005; x_wconf 88' lang='lat' dir='ltr'><strong>nnnc</strong></span> <span class='ocrx_word' id='word_1_75' title='bbox 1071 961 1117 1002; x_wconf 91' lang='lat' dir='ltr'><strong>me</strong></span> <span class='ocrx_word' id='word_1_76' title='bbox 1140 943 1260 1002; x_wconf 88' lang='lat' dir='ltr'><strong>iudicet.</strong></span> 
     </span>
    </p>

    <p class='ocr_par' dir='ltr' id='par_1_3' title="bbox 187 1033 1346 1608">
     <span class='ocr_line' id='line_1_8' title="bbox 275 1033 1346 1116; baseline 0.002 -18"><span class='ocrx_word' id='word_1_77' title='bbox 275 1040 322 1098; x_wconf 94' lang='grc'><strong>11.</strong></span> <span class='ocrx_word' id='word_1_78' title='bbox 357 1033 519 1100; x_wconf 68' lang='lat' dir='ltr'><strong>Astraeus</strong></span> <span class='ocrx_word' id='word_1_79' title='bbox 541 1059 607 1100; x_wconf 84' lang='lat' dir='ltr'><strong>cam</strong></span> <span class='ocrx_word' id='word_1_80' title='bbox 623 1042 843 1115; x_wconf 74' lang='lat' dir='ltr'><strong>praepositione</strong></span> <span class='ocrx_word' id='word_1_81' title='bbox 869 1043 909 1102; x_wconf 87' lang='lat' dir='ltr'><strong>de</strong></span> <span class='ocrx_word' id='word_1_82' title='bbox 930 1045 1108 1103; x_wconf 76' lang='lat' dir='ltr'><strong>coniunctus.</strong></span> <span class='ocrx_word' id='word_1_83' title='bbox 1154 1037 1203 1100; x_wconf 90' lang='lat' dir='ltr'><strong>De</strong></span> <span class='ocrx_word' id='word_1_84' title='bbox 1226 1034 1346 1116; x_wconf 84' lang='lat' dir='ltr'><strong>siguifi-</strong></span> 
     </span>
     <span class='ocr_line' id='line_1_9' title="bbox 188 1131 1345 1218; baseline -0.002 -19"><span class='ocrx_word' id='word_1_85' title='bbox 188 1131 312 1199; x_wconf 89' lang='lat' dir='ltr'><strong>catione</strong></span> <span class='ocrx_word' id='word_1_86' title='bbox 342 1132 505 1212; x_wconf 87' lang='lat' dir='ltr'><strong>primitiva</strong></span> <span class='ocrx_word' id='word_1_87' title='bbox 531 1135 777 1217; x_wconf 83' lang='lat' dir='ltr'><strong>praepositionis</strong></span> <span class='ocrx_word' id='word_1_88' title='bbox 799 1139 835 1198; x_wconf 82' lang='lat' dir='ltr'><strong>do</strong></span> <span class='ocrx_word' id='word_1_89' title='bbox 861 1137 927 1218; x_wconf 86' lang='lat' dir='ltr'><strong>egit</strong></span> <span class='ocrx_word' id='word_1_90' title='bbox 948 1136 1182 1202; x_wconf 89' lang='lat' dir='ltr'><strong>Heidtmannus</strong></span> <span class='ocrx_word' id='word_1_91' title='bbox 1203 1133 1236 1198; x_wconf 92' lang='lat' dir='ltr'><strong>in</strong></span> <span class='ocrx_word' id='word_1_92' title='bbox 1260 1132 1345 1198; x_wconf 90' lang='lat' dir='ltr'><strong>Zeit-</strong></span> 
     </span>
     <span class='ocr_line' id='line_1_10' title="bbox 189 1227 1346 1316; baseline 0.005 -22"><span class='ocrx_word' id='word_1_93' title='bbox 189 1227 301 1294; x_wconf 88' lang='lat' dir='ltr'><strong>schrift</strong></span> <span class='ocrx_word' id='word_1_94' title='bbox 327 1227 347 1293; x_wconf 84' lang='lat' dir='ltr'><strong>i.</strong></span> <span class='ocrx_word' id='word_1_95' title='bbox 372 1229 436 1295; x_wconf 89' lang='lat' dir='ltr'><strong>Ait.</strong></span> <span class='ocrx_word' id='word_1_96' title='bbox 461 1235 558 1315; x_wconf 88' lang='grc'><em>1846,</em></span> <span class='ocrx_word' id='word_1_97' title='bbox 592 1251 623 1315; x_wconf 89' lang='lat' dir='ltr'><strong>p.</strong></span> <span class='ocrx_word' id='word_1_98' title='bbox 647 1239 709 1299; x_wconf 87' lang='lat'><strong>865</strong></span> <span class='ocrx_word' id='word_1_99' title='bbox 732 1251 813 1316; x_wconf 72' lang='lat' dir='ltr'><strong>squ,</strong></span> <span class='ocrx_word' id='word_1_100' title='bbox 848 1251 942 1316; x_wconf 88' lang='lat' dir='ltr'><strong>quam</strong></span> <span class='ocrx_word' id='word_1_101' title='bbox 965 1235 1072 1300; x_wconf 91' lang='lat' dir='ltr'><strong>docuit</strong></span> <span class='ocrx_word' id='word_1_102' title='bbox 1095 1251 1166 1298; x_wconf 90' lang='lat' dir='ltr'><strong>esse</strong></span> <span class='ocrx_word' id='word_1_103' title='bbox 1193 1241 1263 1295; x_wconf 83' lang='lat' dir='ltr'><strong>tou</strong></span> <span class='ocrx_word' id='word_1_104' title='bbox 1289 1229 1346 1301; x_wconf 84' lang='lat' dir='ltr'><strong>ab.</strong></span> 
     </span>
     <span class='ocr_line' id='line_1_11' title="bbox 190 1327 1346 1413; baseline 0.003 -24"><span class='ocrx_word' id='word_1_105' title='bbox 190 1327 236 1390; x_wconf 85' lang='lat' dir='ltr'><strong>itu</strong></span> <span class='ocrx_word' id='word_1_106' title='bbox 258 1330 295 1390; x_wconf 92' lang='lat' dir='ltr'><strong>ut</strong></span> <span class='ocrx_word' id='word_1_107' title='bbox 322 1329 556 1408; x_wconf 83' lang='lat' dir='ltr'><strong>separationem</strong></span> <span class='ocrx_word' id='word_1_108' title='bbox 580 1349 688 1397; x_wconf 89' lang='lat' dir='ltr'><strong>eorum</strong></span> <span class='ocrx_word' id='word_1_109' title='bbox 712 1349 794 1413; x_wconf 89' lang='lat' dir='ltr'><strong>qnae</strong></span> <span class='ocrx_word' id='word_1_110' title='bbox 817 1339 913 1398; x_wconf 85' lang='lat' dir='ltr'><strong>antea</strong></span> <span class='ocrx_word' id='word_1_111' title='bbox 934 1331 1115 1400; x_wconf 85' lang='lat' dir='ltr'><strong>necessaria</strong></span> <span class='ocrx_word' id='word_1_112' title='bbox 1137 1331 1272 1410; x_wconf 89' lang='lat' dir='ltr'><strong>quadam</strong></span> <span class='ocrx_word' id='word_1_113' title='bbox 1294 1348 1346 1394; x_wconf 91' lang='lat' dir='ltr'><strong>ra·</strong></span> 
     </span>
     <span class='ocr_line' id='line_1_12' title="bbox 187 1423 1346 1510; baseline 0.004 -24"><span class='ocrx_word' id='word_1_114' title='bbox 187 1423 274 1488; x_wconf 90' lang='lat' dir='ltr'><strong>tione</strong></span> <span class='ocrx_word' id='word_1_115' title='bbox 297 1423 465 1491; x_wconf 86' lang='lat' dir='ltr'><strong>coniuncta</strong></span> <span class='ocrx_word' id='word_1_116' title='bbox 483 1425 624 1508; x_wconf 89' lang='lat' dir='ltr'><strong>fuerunt,</strong></span> <span class='ocrx_word' id='word_1_117' title='bbox 645 1429 810 1510; x_wconf 86' lang='lat' dir='ltr'><strong>exprimat.</strong></span> <span class='ocrx_word' id='word_1_118' title='bbox 856 1431 978 1495; x_wconf 90' lang='lat' dir='ltr'><strong>Iterum</strong></span> <span class='ocrx_word' id='word_1_119' title='bbox 1006 1445 1124 1508; x_wconf 87' lang='lat' dir='ltr'><strong>sequar</strong></span> <span class='ocrx_word' id='word_1_120' title='bbox 1149 1426 1216 1492; x_wconf 86' lang='lat' dir='ltr'><strong>fere</strong></span> <span class='ocrx_word' id='word_1_121' title='bbox 1239 1427 1346 1492; x_wconf 91' lang='lat' dir='ltr'><strong>distri-</strong></span> 
     </span>
     <span class='ocr_line' id='line_1_13' title="bbox 191 1525 1092 1608; baseline -0.001 -19"><span class='ocrx_word' id='word_1_122' title='bbox 191 1526 354 1591; x_wconf 92' lang='lat' dir='ltr'><strong>hutionem</strong></span> <span class='ocrx_word' id='word_1_123' title='bbox 377 1525 556 1606; x_wconf 87' lang='lat' dir='ltr'><strong>Kampanni</strong></span> <span class='ocrx_word' id='word_1_124' title='bbox 579 1527 618 1591; x_wconf 92' lang='lat' dir='ltr'><strong>de</strong></span> <span class='ocrx_word' id='word_1_125' title='bbox 640 1529 696 1588; x_wconf 82' lang='lat' dir='ltr'><strong>Da</strong></span> <span class='ocrx_word' id='word_1_126' title='bbox 719 1544 826 1608; x_wconf 89' lang='lat' dir='ltr'><strong>praep.</strong></span> <span class='ocrx_word' id='word_1_127' title='bbox 850 1545 911 1591; x_wconf 89' lang='lat' dir='ltr'><strong>usu</strong></span> <span class='ocrx_word' id='word_1_128' title='bbox 933 1525 1092 1591; x_wconf 87' lang='lat' dir='ltr'><strong>Plautino.</strong></span> 
     </span>
    </p>

    <p class='ocr_par' dir='ltr' id='par_1_4' title="bbox 183 1621 1345 1990">
     <span class='ocr_line' id='line_1_14' title="bbox 268 1621 1345 1704; baseline 0 -17"><span class='ocrx_word' id='word_1_129' title='bbox 268 1642 295 1687; x_wconf 88' lang='lat' dir='ltr'><strong>a.</strong></span> <span class='ocrx_word' id='word_1_130' title='bbox 332 1624 381 1687; x_wconf 90' lang='lat' dir='ltr'><strong>De</strong></span> <span class='ocrx_word' id='word_1_131' title='bbox 402 1623 472 1689; x_wconf 89' lang='lat' dir='ltr'><strong>loco</strong></span> <span class='ocrx_word' id='word_1_132' title='bbox 497 1621 624 1704; x_wconf 89' lang='lat' dir='ltr'><strong>dicitur,</strong></span> <span class='ocrx_word' id='word_1_133' title='bbox 646 1623 731 1689; x_wconf 90' lang='lat' dir='ltr'><strong>unde</strong></span> <span class='ocrx_word' id='word_1_134' title='bbox 750 1623 827 1704; x_wconf 90' lang='lat' dir='ltr'><strong>quid</strong></span> <span class='ocrx_word' id='word_1_135' title='bbox 849 1629 1005 1702; x_wconf 83' lang='lat' dir='ltr'><strong>movetur,</strong></span> <span class='ocrx_word' id='word_1_136' title='bbox 1031 1623 1098 1687; x_wconf 89' lang='lat' dir='ltr'><strong>sive</strong></span> <span class='ocrx_word' id='word_1_137' title='bbox 1117 1622 1144 1687; x_wconf 90' lang='lat' dir='ltr'><strong>is</strong></span> <span class='ocrx_word' id='word_1_138' title='bbox 1168 1627 1218 1686; x_wconf 86' lang='lat' dir='ltr'><strong>est</strong></span> <span class='ocrx_word' id='word_1_139' title='bbox 1231 1621 1345 1701; x_wconf 87' lang='lat' dir='ltr'><strong>planus</strong></span> 
     </span>
     <span class='ocr_line' id='line_1_15' title="bbox 186 1718 1344 1800; baseline -0.002 -16"><span class='ocrx_word' id='word_1_140' title='bbox 186 1720 253 1784; x_wconf 90' lang='lat' dir='ltr'><strong>sive</strong></span> <span class='ocrx_word' id='word_1_141' title='bbox 275 1718 421 1799; x_wconf 85' lang='lat' dir='ltr'><strong>inferior,</strong></span> <span class='ocrx_word' id='word_1_142' title='bbox 455 1719 489 1782; x_wconf 92' lang='lat' dir='ltr'><strong>in</strong></span> <span class='ocrx_word' id='word_1_143' title='bbox 511 1719 608 1784; x_wconf 87' lang='lat' dir='ltr'><strong>rebus</strong></span> <span class='ocrx_word' id='word_1_144' title='bbox 631 1719 716 1784; x_wconf 89' lang='lat' dir='ltr'><strong>veris</strong></span> <span class='ocrx_word' id='word_1_145' title='bbox 740 1724 773 1783; x_wconf 91' lang='lat' dir='ltr'><strong>et</strong></span> <span class='ocrx_word' id='word_1_146' title='bbox 804 1719 959 1800; x_wconf 81' lang='lat' dir='ltr'><strong>cogitatis.</strong></span> <span class='ocrx_word' id='word_1_147' title='bbox 1005 1719 1114 1784; x_wconf 90' lang='lat' dir='ltr'><strong>Livius</strong></span> <span class='ocrx_word' id='word_1_148' title='bbox 1143 1719 1344 1782; x_wconf 86' lang='lat' dir='ltr'><strong>Andronicus</strong></span> 
     </span>
     <span class='ocr_line' id='line_1_16' title="bbox 183 1814 1343 1899; baseline -0.006 -19"><span class='ocrx_word' id='word_1_149' title='bbox 183 1817 216 1882; x_wconf 93' lang='lat' dir='ltr'><strong>in</strong></span> <span class='ocrx_word' id='word_1_150' title='bbox 245 1817 387 1899; x_wconf 88' lang='lat' dir='ltr'><strong>Odyssea</strong></span> <span class='ocrx_word' id='word_1_151' title='bbox 416 1815 517 1880; x_wconf 85' lang='lat' dir='ltr'><strong>latina</strong></span> <span class='ocrx_word' id='word_1_152' title='bbox 542 1833 592 1895; x_wconf 89' lang='lat' dir='ltr'><strong>ap.</strong></span> <span class='ocrx_word' id='word_1_153' title='bbox 616 1816 734 1898; x_wconf 85' lang='lat' dir='ltr'><strong>Egger.</strong></span> <span class='ocrx_word' id='word_1_154' title='bbox 764 1814 819 1882; x_wconf 90' lang='lat' dir='ltr'><strong>lat.</strong></span> <span class='ocrx_word' id='word_1_155' title='bbox 849 1835 942 1882; x_wconf 90' lang='lat' dir='ltr'><strong>serm.</strong></span> <span class='ocrx_word' id='word_1_156' title='bbox 970 1821 1088 1881; x_wconf 88' lang='lat' dir='ltr'><strong>vetust.</strong></span> <span class='ocrx_word' id='word_1_157' title='bbox 1117 1816 1173 1880; x_wconf 92' lang='lat' dir='ltr'><strong>rel.</strong></span> <span class='ocrx_word' id='word_1_158' title='bbox 1204 1835 1235 1895; x_wconf 89' lang='lat' dir='ltr'><strong>p.</strong></span> <span class='ocrx_word' id='word_1_159' title='bbox 1268 1820 1343 1880; x_wconf 86' lang='lat'>119:</span> 
     </span>
     <span class='ocr_line' id='line_1_17' title="bbox 183 1912 1344 1990; baseline 0 -14"><span class='ocrx_word' id='word_1_160' title='bbox 183 1917 277 1976; x_wconf 86' lang='lat' dir='ltr'><strong>Simul</strong></span> <span class='ocrx_word' id='word_1_161' title='bbox 300 1934 335 1977; x_wconf 88' lang='lat' dir='ltr'><strong>ao</strong></span> <span class='ocrx_word' id='word_1_162' title='bbox 355 1919 503 1990; x_wconf 89' lang='lat' dir='ltr'><strong>lacrymas</strong></span> <span class='ocrx_word' id='word_1_163' title='bbox 526 1916 560 1975; x_wconf 87' lang='lat' dir='ltr'><strong>dc</strong></span> <span class='ocrx_word' id='word_1_164' title='bbox 583 1933 634 1975; x_wconf 84' lang='lat' dir='ltr'><strong>ore</strong></span> <span class='ocrx_word' id='word_1_165' title='bbox 655 1933 762 1989; x_wconf 82' lang='lat' dir='ltr'><strong>nocpco</strong></span> <span class='ocrx_word' id='word_1_166' title='bbox 787 1915 818 1985; x_wconf 83' lang='lat' dir='ltr'><strong>(i.</strong></span> <span class='ocrx_word' id='word_1_167' title='bbox 836 1931 862 1978; x_wconf 90' lang='lat' dir='ltr'><strong>e.</strong></span> <span class='ocrx_word' id='word_1_168' title='bbox 880 1912 1026 1988; x_wconf 90' lang='lat' dir='ltr'><strong>candido)</strong></span> <span class='ocrx_word' id='word_1_169' title='bbox 1051 1917 1186 1976; x_wconf 87' lang='lat' dir='ltr'><strong>detersit.</strong></span> <span class='ocrx_word' id='word_1_170' title='bbox 1225 1912 1344 1977; x_wconf 84' lang='lat' dir='ltr'><strong>Fabius</strong></span> 
     </span>
    </p>
   </div>
   <div class='ocr_carea' id='block_1_3' title="bbox 185 2010 1456 2092">
    <p class='ocr_par' dir='ltr' id='par_1_5' title="bbox 185 2010 1456 2092">
     <span class='ocr_line' id='line_1_18' title="bbox 185 2010 1456 2092; baseline -0.003 -18"><span class='ocrx_word' id='word_1_171' title='bbox 185 2011 294 2076; x_wconf 84' lang='lat' dir='ltr'><strong>Pictor</strong></span> <span class='ocrx_word' id='word_1_172' title='bbox 316 2029 366 2092; x_wconf 88' lang='lat' dir='ltr'><strong>ap.</strong></span> <span class='ocrx_word' id='word_1_173' title='bbox 389 2010 507 2090; x_wconf 81' lang='lat' dir='ltr'><strong>Egger.</strong></span> <span class='ocrx_word' id='word_1_174' title='bbox 532 2028 561 2091; x_wconf 89' lang='lat' dir='ltr'><strong>p.</strong></span> <span class='ocrx_word' id='word_1_175' title='bbox 588 2016 661 2075; x_wconf 88' lang='lat'>107:</span> <span class='ocrx_word' id='word_1_176' title='bbox 684 2013 719 2072; x_wconf 87' lang='lat' dir='ltr'><strong>do</strong></span> <span class='ocrx_word' id='word_1_177' title='bbox 742 2031 774 2072; x_wconf 87' lang='lat' dir='ltr'><strong>oo</strong></span> <span class='ocrx_word' id='word_1_178' title='bbox 797 2015 867 2072; x_wconf 82' lang='lat' dir='ltr'><strong>lecto</strong></span> <span class='ocrx_word' id='word_1_179' title='bbox 890 2015 1062 2073; x_wconf 89' lang='lat' dir='ltr'><strong>trinoctium</strong></span> <span class='ocrx_word' id='word_1_180' title='bbox 1086 2014 1259 2072; x_wconf 88' lang='lat' dir='ltr'><strong>contiuuam</strong></span> <span class='ocrx_word' id='word_1_181' title='bbox 1283 2031 1341 2071; x_wconf 91' lang='lat' dir='ltr'><strong>non</strong></span> <span class='ocrx_word' id='word_1_182' title='bbox 1451 2053 1456 2057; x_wconf 90' lang='lat'>-</span> 
     </span>
    </p>
   </div>
   <div class='ocr_carea' id='block_1_4' title="bbox 181 2105 1348 4321">
    <p class='ocr_par' dir='ltr' id='par_1_6' title="bbox 181 2105 1348 4321">
     <span class='ocr_line' id='line_1_19' title="bbox 184 2105 1343 2183; baseline -0.002 -13"><span class='ocrx_word' id='word_1_183' title='bbox 184 2111 321 2171; x_wconf 86' lang='lat' dir='ltr'><strong>decubat.</strong></span> <span class='ocrx_word' id='word_1_184' title='bbox 368 2105 446 2173; x_wconf 82' lang='lat' dir='ltr'><strong>Cato</strong></span> <span class='ocrx_word' id='word_1_185' title='bbox 470 2107 506 2172; x_wconf 89' lang='lat' dir='ltr'><strong>R.</strong></span> <span class='ocrx_word' id='word_1_186' title='bbox 530 2108 566 2172; x_wconf 90' lang='lat' dir='ltr'><strong>R.</strong></span> <span class='ocrx_word' id='word_1_187' title='bbox 591 2127 615 2173; x_wconf 93' lang='lat' dir='ltr'><strong>c.</strong></span> <span class='ocrx_word' id='word_1_188' title='bbox 643 2113 718 2172; x_wconf 88' lang='lat'>157:</span> <span class='ocrx_word' id='word_1_189' title='bbox 752 2111 799 2170; x_wconf 84' lang='lat' dir='ltr'><strong>De</strong></span> <span class='ocrx_word' id='word_1_190' title='bbox 821 2111 915 2183; x_wconf 85' lang='lat' dir='ltr'><strong>capite</strong></span> <span class='ocrx_word' id='word_1_191' title='bbox 937 2117 968 2169; x_wconf 91' lang='lat' dir='ltr'><strong>et</strong></span> <span class='ocrx_word' id='word_1_192' title='bbox 991 2110 1026 2168; x_wconf 87' lang='lat' dir='ltr'><strong>de</strong></span> <span class='ocrx_word' id='word_1_193' title='bbox 1049 2111 1141 2171; x_wconf 78' lang='lat' dir='ltr'><strong>oculis</strong></span> <span class='ocrx_word' id='word_1_194' title='bbox 1171 2111 1270 2169; x_wconf 87' lang='lat' dir='ltr'><strong>omnia</strong></span> <span class='ocrx_word' id='word_1_195' title='bbox 1292 2109 1343 2168; x_wconf 92' lang='lat' dir='ltr'><strong>de-</strong></span> 
     </span>
     <span class='ocr_line' id='line_1_20' title="bbox 184 2202 1344 2271; baseline -0.002 -3"><span class='ocrx_word' id='word_1_196' title='bbox 184 2209 283 2268; x_wconf 90' lang='lat' dir='ltr'><strong>ducet.</strong></span> <span class='ocrx_word' id='word_1_197' title='bbox 329 2202 362 2269; x_wconf 83' lang='lat' dir='ltr'><strong>G.</strong></span> <span class='ocrx_word' id='word_1_198' title='bbox 389 2211 464 2270; x_wconf 86' lang='lat'>112:</span> <span class='ocrx_word' id='word_1_199' title='bbox 487 2209 547 2269; x_wconf 92' lang='lat' dir='ltr'><strong>Ubi</strong></span> <span class='ocrx_word' id='word_1_200' title='bbox 569 2208 704 2268; x_wconf 87' lang='lat' dir='ltr'><strong>hauseris</strong></span> <span class='ocrx_word' id='word_1_201' title='bbox 727 2207 763 2266; x_wconf 85' lang='lat' dir='ltr'><strong>de</strong></span> <span class='ocrx_word' id='word_1_202' title='bbox 784 2209 871 2267; x_wconf 84' lang='lat' dir='ltr'><strong>mori.</strong></span> <span class='ocrx_word' id='word_1_203' title='bbox 918 2205 951 2270; x_wconf 83' lang='lat' dir='ltr'><strong>O.</strong></span> <span class='ocrx_word' id='word_1_204' title='bbox 979 2211 1035 2271; x_wconf 84' lang='lat'><strong>14:</strong></span> <span class='ocrx_word' id='word_1_205' title='bbox 1058 2207 1344 2268; x_wconf 63' lang='lat' dir='ltr'><strong>siderationis</strong></span> 
     </span>
     <span class='ocr_line' id='line_1_21' title="bbox 185 2301 1343 2380; baseline -0.002 -16"><span class='ocrx_word' id='word_1_206' title='bbox 185 2312 268 2365; x_wconf 87' lang='lat' dir='ltr'><strong>tacta</strong></span> <span class='ocrx_word' id='word_1_207' title='bbox 291 2307 339 2366; x_wconf 92' lang='lat' dir='ltr'><strong>sit.</strong></span> <span class='ocrx_word' id='word_1_208' title='bbox 386 2301 419 2366; x_wconf 85' lang='lat' dir='ltr'><strong>C.</strong></span> <span class='ocrx_word' id='word_1_209' title='bbox 444 2307 502 2367; x_wconf 78' lang='lat'><strong>42:</strong></span> <span class='ocrx_word' id='word_1_210' title='bbox 537 2307 664 2365; x_wconf 89' lang='lat' dir='ltr'><strong>alterum</strong></span> <span class='ocrx_word' id='word_1_211' title='bbox 687 2305 795 2365; x_wconf 89' lang='lat' dir='ltr'><strong>librum</strong></span> <span class='ocrx_word' id='word_1_212' title='bbox 819 2323 883 2366; x_wconf 87' lang='lat' dir='ltr'><strong>curn</strong></span> <span class='ocrx_word' id='word_1_213' title='bbox 906 2322 1022 2380; x_wconf 82' lang='lat' dir='ltr'><strong>gemma</strong></span> <span class='ocrx_word' id='word_1_214' title='bbox 1050 2305 1085 2364; x_wconf 84' lang='lat' dir='ltr'><strong>dc</strong></span> <span class='ocrx_word' id='word_1_215' title='bbox 1108 2321 1139 2363; x_wconf 86' lang='lat' dir='ltr'><strong>oo</strong></span> <span class='ocrx_word' id='word_1_216' title='bbox 1162 2306 1232 2376; x_wconf 73' lang='lat' dir='ltr'><strong>fico,</strong></span> <span class='ocrx_word' id='word_1_217' title='bbox 1267 2305 1343 2378; x_wconf 90' lang='lat' dir='ltr'><strong>quod</strong></span> 
     </span>
     <span class='ocr_line' id='line_1_22' title="bbox 183 2397 1344 2480; baseline -0.003 -19"><span class='ocrx_word' id='word_1_218' title='bbox 183 2420 277 2476; x_wconf 82' lang='lat' dir='ltr'><strong>genus</strong></span> <span class='ocrx_word' id='word_1_219' title='bbox 307 2421 374 2462; x_wconf 90' lang='lat' dir='ltr'><strong>esse</strong></span> <span class='ocrx_word' id='word_1_220' title='bbox 402 2406 498 2477; x_wconf 86' lang='lat' dir='ltr'><strong>voles,</strong></span> <span class='ocrx_word' id='word_1_221' title='bbox 534 2403 670 2473; x_wconf 83' lang='lat' dir='ltr'><strong>eximito,</strong></span> <span class='ocrx_word' id='word_1_222' title='bbox 705 2397 760 2464; x_wconf 90' lang='lat' dir='ltr'><strong>ubi</strong></span> <span class='ocrx_word' id='word_1_223' title='bbox 781 2417 891 2480; x_wconf 87' lang='lat' dir='ltr'><strong>praep.</strong></span> <span class='ocrx_word' id='word_1_224' title='bbox 915 2401 950 2461; x_wconf 88' lang='lat' dir='ltr'><strong>de</strong></span> <span class='ocrx_word' id='word_1_225' title='bbox 972 2398 1090 2479; x_wconf 85' lang='lat' dir='ltr'><strong>pendet</strong></span> <span class='ocrx_word' id='word_1_226' title='bbox 1116 2418 1136 2463; x_wconf 86' lang='lat' dir='ltr'><strong>a</strong></span> <span class='ocrx_word' id='word_1_227' title='bbox 1163 2399 1260 2464; x_wconf 88' lang='lat' dir='ltr'><strong>verbo</strong></span> <span class='ocrx_word' id='word_1_228' title='bbox 1284 2403 1344 2460; x_wconf 86' lang='lat' dir='ltr'><strong>exi-</strong></span> 
     </span>
     <span class='ocr_line' id='line_1_23' title="bbox 183 2495 1346 2576; baseline -0.003 -18"><span class='ocrx_word' id='word_1_229' title='bbox 183 2515 282 2574; x_wconf 91' lang='lat' dir='ltr'><strong>mere,</strong></span> <span class='ocrx_word' id='word_1_230' title='bbox 317 2514 380 2561; x_wconf 90' lang='lat' dir='ltr'><strong>non</strong></span> <span class='ocrx_word' id='word_1_231' title='bbox 403 2513 479 2560; x_wconf 90' lang='lat' dir='ltr'><strong>vero</strong></span> <span class='ocrx_word' id='word_1_232' title='bbox 508 2497 547 2560; x_wconf 90' lang='lat' dir='ltr'><strong>ad</strong></span> <span class='ocrx_word' id='word_1_233' title='bbox 577 2514 692 2573; x_wconf 85' lang='lat' dir='ltr'><strong>gemma</strong></span> <span class='ocrx_word' id='word_1_234' title='bbox 719 2497 867 2576; x_wconf 84' lang='lat' dir='ltr'><strong>pertinet.</strong></span> <span class='ocrx_word' id='word_1_235' title='bbox 913 2495 946 2561; x_wconf 84' lang='grc' dir='ltr'><strong>Ο.</strong></span> <span class='ocrx_word' id='word_1_236' title='bbox 970 2499 1026 2561; x_wconf 80' lang='lat'><strong>43:</strong></span> <span class='ocrx_word' id='word_1_237' title='bbox 1060 2496 1152 2558; x_wconf 83' lang='lat' dir='ltr'><strong>lecito</strong></span> <span class='ocrx_word' id='word_1_238' title='bbox 1179 2497 1215 2556; x_wconf 86' lang='lat' dir='ltr'><strong>de</strong></span> <span class='ocrx_word' id='word_1_239' title='bbox 1246 2498 1346 2558; x_wconf 84' lang='lat' dir='ltr'><strong>scrobe</strong></span> 
     </span>
     <span class='ocr_line' id='line_1_24' title="bbox 187 2590 1344 2671; baseline -0.005 -15"><span class='ocrx_word' id='word_1_240' title='bbox 187 2614 265 2671; x_wconf 84' lang='lat' dir='ltr'><strong>aqua</strong></span> <span class='ocrx_word' id='word_1_241' title='bbox 283 2598 312 2654; x_wconf 94' lang='lat' dir='ltr'><strong>in</strong></span> <span class='ocrx_word' id='word_1_242' title='bbox 337 2597 450 2657; x_wconf 90' lang='lat' dir='ltr'><strong>sulcum</strong></span> <span class='ocrx_word' id='word_1_243' title='bbox 474 2595 592 2656; x_wconf 88' lang='lat' dir='ltr'><strong>defluat.</strong></span> <span class='ocrx_word' id='word_1_244' title='bbox 638 2591 732 2656; x_wconf 88' lang='lat' dir='ltr'><strong>Ennii</strong></span> <span class='ocrx_word' id='word_1_245' title='bbox 756 2592 857 2658; x_wconf 89' lang='lat' dir='ltr'><strong>annal.</strong></span> <span class='ocrx_word' id='word_1_246' title='bbox 882 2593 902 2657; x_wconf 97' lang='lat' dir='ltr'><strong>l.</strong></span> <span class='ocrx_word' id='word_1_247' title='bbox 925 2593 951 2670; x_wconf 93' lang='lat' dir='ltr'><strong>I,</strong></span> <span class='ocrx_word' id='word_1_248' title='bbox 973 2590 1010 2657; x_wconf 86' lang='lat' dir='ltr'><strong>fr.</strong></span> <span class='ocrx_word' id='word_1_249' title='bbox 1029 2594 1079 2670; x_wconf 86' lang='lat'><strong>36,</strong></span> <span class='ocrx_word' id='word_1_250' title='bbox 1104 2611 1132 2656; x_wconf 88' lang='lat' dir='ltr'><strong>v.</strong></span> <span class='ocrx_word' id='word_1_251' title='bbox 1158 2596 1212 2656; x_wconf 78' lang='lat'><strong>54:</strong></span> <span class='ocrx_word' id='word_1_252' title='bbox 1235 2595 1344 2655; x_wconf 76' lang='lat' dir='ltr'><strong>Utine</strong></span> 
     </span>
     <span class='ocr_line' id='line_1_25' title="bbox 184 2687 1345 2771; baseline -0.003 -20"><span class='ocrx_word' id='word_1_253' title='bbox 184 2693 219 2751; x_wconf 85' lang='lat' dir='ltr'><strong>do</strong></span> <span class='ocrx_word' id='word_1_254' title='bbox 242 2694 321 2752; x_wconf 84' lang='lat' dir='ltr'><strong>cocto</strong></span> <span class='ocrx_word' id='word_1_255' title='bbox 345 2694 434 2755; x_wconf 89' lang='lat' dir='ltr'><strong>visas.</strong></span> <span class='ocrx_word' id='word_1_256' title='bbox 469 2689 507 2755; x_wconf 88' lang='lat' dir='ltr'><strong>fr.</strong></span> <span class='ocrx_word' id='word_1_257' title='bbox 525 2697 576 2771; x_wconf 84' lang='lat'><strong>57,</strong></span> <span class='ocrx_word' id='word_1_258' title='bbox 598 2711 627 2756; x_wconf 90' lang='lat' dir='ltr'><strong>v.</strong></span> <span class='ocrx_word' id='word_1_259' title='bbox 645 2695 700 2754; x_wconf 82' lang='lat'><strong>96:</strong></span> <span class='ocrx_word' id='word_1_260' title='bbox 725 2693 841 2752; x_wconf 79' lang='lat' dir='ltr'><strong>Cedunt</strong></span> <span class='ocrx_word' id='word_1_261' title='bbox 855 2692 891 2751; x_wconf 85' lang='lat' dir='ltr'><strong>de</strong></span> <span class='ocrx_word' id='word_1_262' title='bbox 913 2691 1000 2752; x_wconf 73' lang='lat' dir='ltr'><strong>coola</strong></span> <span class='ocrx_word' id='word_1_263' title='bbox 1035 2689 1128 2767; x_wconf 83' lang='lat'>1111,</span> <span class='ocrx_word' id='word_1_264' title='bbox 1152 2687 1189 2753; x_wconf 91' lang='lat' dir='ltr'><strong>fr.</strong></span> <span class='ocrx_word' id='word_1_265' title='bbox 1211 2694 1241 2752; x_wconf 88' lang='lat'><strong>1:</strong></span> <span class='ocrx_word' id='word_1_266' title='bbox 1267 2691 1345 2750; x_wconf 80' lang='lat' dir='ltr'><strong>Olim</strong></span> 
     </span>
     <span class='ocr_line' id='line_1_26' title="bbox 183 2785 1344 2865; baseline -0.002 -18"><span class='ocrx_word' id='word_1_267' title='bbox 183 2790 219 2848; x_wconf 84' lang='lat' dir='ltr'><strong>de</strong></span> <span class='ocrx_word' id='word_1_268' title='bbox 234 2792 314 2849; x_wconf 85' lang='lat' dir='ltr'><strong>coeio</strong></span> <span class='ocrx_word' id='word_1_269' title='bbox 336 2793 451 2850; x_wconf 88' lang='lat' dir='ltr'><strong>laevum</strong></span> <span class='ocrx_word' id='word_1_270' title='bbox 477 2791 560 2851; x_wconf 92' lang='lat' dir='ltr'><strong>dedit</strong></span> <span class='ocrx_word' id='word_1_271' title='bbox 578 2791 707 2864; x_wconf 87' lang='lat' dir='ltr'><strong>inclytus</strong></span> <span class='ocrx_word' id='word_1_272' title='bbox 731 2791 855 2865; x_wconf 84' lang='lat' dir='ltr'><strong>signnm.</strong></span> <span class='ocrx_word' id='word_1_273' title='bbox 891 2786 1062 2851; x_wconf 80' lang='lat' dir='ltr'><strong>Alexandri</strong></span> <span class='ocrx_word' id='word_1_274' title='bbox 1082 2785 1119 2850; x_wconf 82' lang='lat' dir='ltr'><strong>ir.</strong></span> <span class='ocrx_word' id='word_1_275' title='bbox 1137 2791 1170 2850; x_wconf 84' lang='lat'><strong>2:</strong></span> <span class='ocrx_word' id='word_1_276' title='bbox 1193 2789 1229 2848; x_wconf 91' lang='lat' dir='ltr'><strong>de</strong></span> <span class='ocrx_word' id='word_1_277' title='bbox 1251 2789 1344 2847; x_wconf 88' lang='lat' dir='ltr'><strong>caelo.</strong></span> 
     </span>
     <span class='ocr_line' id='line_1_27' title="bbox 188 2882 1342 2964; baseline -0.001 -17"><span class='ocrx_word' id='word_1_278' title='bbox 188 2883 299 2948; x_wconf 88' lang='lat' dir='ltr'><strong>Annal.</strong></span> <span class='ocrx_word' id='word_1_279' title='bbox 329 2885 349 2948; x_wconf 96' lang='lat'><strong>1.</strong></span> <span class='ocrx_word' id='word_1_280' title='bbox 373 2884 411 2964; x_wconf 92' lang='lat' dir='ltr'><strong>V,</strong></span> <span class='ocrx_word' id='word_1_281' title='bbox 434 2884 473 2949; x_wconf 91' lang='lat' dir='ltr'><strong>fr.</strong></span> <span class='ocrx_word' id='word_1_282' title='bbox 497 2890 531 2949; x_wconf 89' lang='lat'><strong>6:</strong></span> <span class='ocrx_word' id='word_1_283' title='bbox 566 2894 686 2948; x_wconf 84' lang='lat' dir='ltr'><strong>ansatas</strong></span> <span class='ocrx_word' id='word_1_284' title='bbox 715 2888 836 2946; x_wconf 90' lang='lat' dir='ltr'><strong>mittunt</strong></span> <span class='ocrx_word' id='word_1_285' title='bbox 863 2887 898 2945; x_wconf 83' lang='lat' dir='ltr'><strong>dc</strong></span> <span class='ocrx_word' id='word_1_286' title='bbox 921 2887 1061 2946; x_wconf 74' lang='lat' dir='ltr'><strong>turritam.</strong></span> <span class='ocrx_word' id='word_1_287' title='bbox 1106 2882 1128 2947; x_wconf 91' lang='lat' dir='ltr'><strong>l.</strong></span> <span class='ocrx_word' id='word_1_288' title='bbox 1151 2883 1207 2962; x_wconf 92' lang='lat' dir='ltr'><strong>VI,</strong></span> <span class='ocrx_word' id='word_1_289' title='bbox 1229 2882 1267 2946; x_wconf 82' lang='lat' dir='ltr'><strong>ir.</strong></span> <span class='ocrx_word' id='word_1_290' title='bbox 1295 2887 1342 2959; x_wconf 82' lang='lat'><strong>18,</strong></span> 
     </span>
     <span class='ocr_line' id='line_1_28' title="bbox 184 2979 1343 3061; baseline -0.003 -17"><span class='ocrx_word' id='word_1_291' title='bbox 184 2999 213 3045; x_wconf 91' lang='lat' dir='ltr'><strong>v.</strong></span> <span class='ocrx_word' id='word_1_292' title='bbox 231 2986 308 3046; x_wconf 84' lang='lat'>216:</span> <span class='ocrx_word' id='word_1_293' title='bbox 332 2986 459 3046; x_wconf 89' lang='lat' dir='ltr'><strong>animam</strong></span> <span class='ocrx_word' id='word_1_294' title='bbox 483 2985 519 3044; x_wconf 87' lang='lat' dir='ltr'><strong>de</strong></span> <span class='ocrx_word' id='word_1_295' title='bbox 540 3001 660 3057; x_wconf 81' lang='lat' dir='ltr'><strong>corpore</strong></span> <span class='ocrx_word' id='word_1_296' title='bbox 681 2985 777 3042; x_wconf 89' lang='lat' dir='ltr'><strong>mitto.</strong></span> <span class='ocrx_word' id='word_1_297' title='bbox 822 2979 841 3044; x_wconf 94' lang='lat'><strong>1.</strong></span> <span class='ocrx_word' id='word_1_298' title='bbox 859 2980 945 3061; x_wconf 84' lang='lat' dir='ltr'><strong>VIII,</strong></span> <span class='ocrx_word' id='word_1_299' title='bbox 968 2980 1006 3045; x_wconf 89' lang='lat' dir='ltr'><strong>fr.</strong></span> <span class='ocrx_word' id='word_1_300' title='bbox 1024 2985 1082 3045; x_wconf 86' lang='lat'><strong>20:</strong></span> <span class='ocrx_word' id='word_1_301' title='bbox 1105 2985 1141 3042; x_wconf 87' lang='lat' dir='ltr'><strong>de</strong></span> <span class='ocrx_word' id='word_1_302' title='bbox 1162 2984 1257 3042; x_wconf 71' lang='lat' dir='ltr'><strong>amas</strong></span> <span class='ocrx_word' id='word_1_303' title='bbox 1279 2999 1343 3042; x_wconf 90' lang='lat' dir='ltr'><strong>ram</strong></span> 
     </span>
     <span class='ocr_line' id='line_1_29' title="bbox 181 3076 1345 3158; baseline -0.001 -18"><span class='ocrx_word' id='word_1_304' title='bbox 181 3081 259 3154; x_wconf 83' lang='lat' dir='ltr'><strong>gerit</strong></span> <span class='ocrx_word' id='word_1_305' title='bbox 277 3083 401 3156; x_wconf 87' lang='lat' dir='ltr'><strong>Opscus.</strong></span> <span class='ocrx_word' id='word_1_306' title='bbox 437 3079 457 3143; x_wconf 93' lang='lat' dir='ltr'><strong>l.</strong></span> <span class='ocrx_word' id='word_1_307' title='bbox 473 3077 561 3158; x_wconf 86' lang='lat' dir='ltr'><strong>XVI,</strong></span> <span class='ocrx_word' id='word_1_308' title='bbox 583 3076 620 3142; x_wconf 86' lang='lat' dir='ltr'><strong>ir.</strong></span> <span class='ocrx_word' id='word_1_309' title='bbox 638 3082 671 3142; x_wconf 90' lang='lat'><strong>9:</strong></span> <span class='ocrx_word' id='word_1_310' title='bbox 696 3080 776 3152; x_wconf 78' lang='lat' dir='ltr'><strong>Quos</strong></span> <span class='ocrx_word' id='word_1_311' title='bbox 800 3081 850 3140; x_wconf 92' lang='lat' dir='ltr'><strong>uhi</strong></span> <span class='ocrx_word' id='word_1_312' title='bbox 873 3097 927 3139; x_wconf 88' lang='lat' dir='ltr'><strong>rex</strong></span> <span class='ocrx_word' id='word_1_313' title='bbox 949 3082 1075 3155; x_wconf 90' lang='lat' dir='ltr'><strong>populos</strong></span> <span class='ocrx_word' id='word_1_314' title='bbox 1100 3081 1198 3154; x_wconf 83' lang='lat' dir='ltr'><strong>spexit</strong></span> <span class='ocrx_word' id='word_1_315' title='bbox 1219 3081 1255 3139; x_wconf 84' lang='lat' dir='ltr'><strong>de</strong></span> <span class='ocrx_word' id='word_1_316' title='bbox 1276 3097 1345 3139; x_wconf 84' lang='lat' dir='ltr'><strong>coa·</strong></span> 
     </span>
     <span class='ocr_line' id='line_1_30' title="bbox 181 3170 1344 3253; baseline 0.001 -18"><span class='ocrx_word' id='word_1_317' title='bbox 181 3179 259 3237; x_wconf 76' lang='lat' dir='ltr'><strong>ithas</strong></span> <span class='ocrx_word' id='word_1_318' title='bbox 281 3178 371 3239; x_wconf 82' lang='lat' dir='ltr'><strong>celsis.</strong></span> <span class='ocrx_word' id='word_1_319' title='bbox 420 3173 643 3240; x_wconf 85' lang='lat' dir='ltr'><strong>Andromacha</strong></span> <span class='ocrx_word' id='word_1_320' title='bbox 665 3170 882 3238; x_wconf 86' lang='lat' dir='ltr'><strong>Aechmalotis</strong></span> <span class='ocrx_word' id='word_1_321' title='bbox 903 3172 941 3239; x_wconf 85' lang='lat' dir='ltr'><strong>fr.</strong></span> <span class='ocrx_word' id='word_1_322' title='bbox 968 3179 1016 3253; x_wconf 79' lang='lat'><strong>12,</strong></span> <span class='ocrx_word' id='word_1_323' title='bbox 1039 3195 1068 3239; x_wconf 91' lang='lat' dir='ltr'><strong>v.</strong></span> <span class='ocrx_word' id='word_1_324' title='bbox 1095 3180 1168 3240; x_wconf 83' lang='lat'>130:</span> <span class='ocrx_word' id='word_1_325' title='bbox 1204 3179 1344 3237; x_wconf 89' lang='lat' dir='ltr'><strong>Hectoris</strong></span> 
     </span>
     <span class='ocr_line' id='line_1_31' title="bbox 182 3269 1344 3351; baseline -0.003 -17"><span class='ocrx_word' id='word_1_326' title='bbox 182 3281 286 3334; x_wconf 91' lang='lat' dir='ltr'><strong>natum</strong></span> <span class='ocrx_word' id='word_1_327' title='bbox 309 3276 344 3333; x_wconf 87' lang='lat' dir='ltr'><strong>do</strong></span> <span class='ocrx_word' id='word_1_328' title='bbox 365 3293 450 3336; x_wconf 84' lang='lat' dir='ltr'><strong>moro</strong></span> <span class='ocrx_word' id='word_1_329' title='bbox 474 3275 625 3335; x_wconf 85' lang='lat' dir='ltr'><strong>iactarier.</strong></span> <span class='ocrx_word' id='word_1_330' title='bbox 671 3269 803 3350; x_wconf 88' lang='lat' dir='ltr'><strong>Telephi</strong></span> <span class='ocrx_word' id='word_1_331' title='bbox 832 3269 869 3335; x_wconf 84' lang='lat' dir='ltr'><strong>fr.</strong></span> <span class='ocrx_word' id='word_1_332' title='bbox 896 3275 945 3351; x_wconf 84' lang='lat'><strong>13,</strong></span> <span class='ocrx_word' id='word_1_333' title='bbox 967 3290 994 3334; x_wconf 78' lang='lat' dir='ltr'><strong>v,</strong></span> <span class='ocrx_word' id='word_1_334' title='bbox 1020 3276 1095 3337; x_wconf 83' lang='lat'>388:</span> <span class='ocrx_word' id='word_1_335' title='bbox 1130 3276 1221 3347; x_wconf 77' lang='lat' dir='ltr'><strong>Quasi</strong></span> <span class='ocrx_word' id='word_1_336' title='bbox 1244 3277 1344 3333; x_wconf 89' lang='lat' dir='ltr'><strong>lumen</strong></span> 
     </span>
     <span class='ocr_line' id='line_1_32' title="bbox 181 3365 1345 3447; baseline 0.001 -18"><span class='ocrx_word' id='word_1_337' title='bbox 181 3371 217 3430; x_wconf 86' lang='lat' dir='ltr'><strong>de</strong></span> <span class='ocrx_word' id='word_1_338' title='bbox 230 3387 282 3431; x_wconf 86' lang='lat' dir='ltr'><strong>suo</strong></span> <span class='ocrx_word' id='word_1_339' title='bbox 299 3373 408 3431; x_wconf 83' lang='lat' dir='ltr'><strong>lamiae</strong></span> <span class='ocrx_word' id='word_1_340' title='bbox 424 3371 578 3432; x_wconf 88' lang='lat' dir='ltr'><strong>accendat.</strong></span> <span class='ocrx_word' id='word_1_341' title='bbox 624 3365 834 3447; x_wconf 84' lang='lat' dir='ltr'><strong>Epicharmus</strong></span> <span class='ocrx_word' id='word_1_342' title='bbox 849 3365 886 3431; x_wconf 87' lang='lat' dir='ltr'><strong>fr.</strong></span> <span class='ocrx_word' id='word_1_343' title='bbox 904 3372 938 3431; x_wconf 85' lang='lat'><strong>6:</strong></span> <span class='ocrx_word' id='word_1_344' title='bbox 962 3371 1035 3432; x_wconf 89' lang='lat' dir='ltr'><strong>Istic</strong></span> <span class='ocrx_word' id='word_1_345' title='bbox 1055 3379 1102 3431; x_wconf 90' lang='lat' dir='ltr'><strong>est</strong></span> <span class='ocrx_word' id='word_1_346' title='bbox 1117 3371 1152 3430; x_wconf 81' lang='lat' dir='ltr'><strong>dc</strong></span> <span class='ocrx_word' id='word_1_347' title='bbox 1165 3372 1225 3431; x_wconf 84' lang='lat' dir='ltr'><strong>sole</strong></span> <span class='ocrx_word' id='word_1_348' title='bbox 1245 3389 1345 3444; x_wconf 88' lang='lat' dir='ltr'><strong>sump-</strong></span> 
     </span>
     <span class='ocr_line' id='line_1_33' title="bbox 181 3464 1344 3543; baseline -0.002 -15"><span class='ocrx_word' id='word_1_349' title='bbox 181 3478 238 3528; x_wconf 91' lang='lat' dir='ltr'><strong>tns.</strong></span> <span class='ocrx_word' id='word_1_350' title='bbox 283 3465 380 3529; x_wconf 86' lang='lat' dir='ltr'><strong>Ennii</strong></span> <span class='ocrx_word' id='word_1_351' title='bbox 397 3465 544 3543; x_wconf 88' lang='lat' dir='ltr'><strong>Thyestis</strong></span> <span class='ocrx_word' id='word_1_352' title='bbox 560 3464 597 3528; x_wconf 86' lang='lat' dir='ltr'><strong>fr.</strong></span> <span class='ocrx_word' id='word_1_353' title='bbox 611 3469 640 3542; x_wconf 82' lang='lat'><strong>5,</strong></span> <span class='ocrx_word' id='word_1_354' title='bbox 664 3481 693 3529; x_wconf 90' lang='lat' dir='ltr'><strong>v.</strong></span> <span class='ocrx_word' id='word_1_355' title='bbox 708 3467 782 3528; x_wconf 86' lang='lat'>395:</span> <span class='ocrx_word' id='word_1_356' title='bbox 807 3475 839 3527; x_wconf 89' lang='lat' dir='ltr'><strong>ut</strong></span> <span class='ocrx_word' id='word_1_357' title='bbox 862 3469 949 3540; x_wconf 90' lang='lat' dir='ltr'><strong>scias,</strong></span> <span class='ocrx_word' id='word_1_358' title='bbox 974 3475 1083 3542; x_wconf 88' lang='lat' dir='ltr'><strong>quanto</strong></span> <span class='ocrx_word' id='word_1_359' title='bbox 1106 3484 1122 3528; x_wconf 90' lang='lat' dir='ltr'><strong>e</strong></span> <span class='ocrx_word' id='word_1_360' title='bbox 1143 3471 1219 3542; x_wconf 89' lang='lat' dir='ltr'><strong>loco,</strong></span> <span class='ocrx_word' id='word_1_361' title='bbox 1245 3470 1344 3541; x_wconf 76' lang='lat' dir='ltr'><strong>Quan-</strong></span> 
     </span>
     <span class='ocr_line' id='line_1_34' title="bbox 182 3562 1347 3639; baseline 0.001 -13"><span class='ocrx_word' id='word_1_362' title='bbox 182 3567 224 3626; x_wconf 88' lang='lat' dir='ltr'><strong>tis</strong></span> <span class='ocrx_word' id='word_1_363' title='bbox 248 3566 363 3639; x_wconf 89' lang='lat' dir='ltr'><strong>opihns,</strong></span> <span class='ocrx_word' id='word_1_364' title='bbox 387 3567 494 3638; x_wconf 76' lang='lat' dir='ltr'><strong>quitus</strong></span> <span class='ocrx_word' id='word_1_365' title='bbox 513 3566 549 3624; x_wconf 87' lang='lat' dir='ltr'><strong>de</strong></span> <span class='ocrx_word' id='word_1_366' title='bbox 570 3566 658 3624; x_wconf 81' lang='lat' dir='ltr'><strong>robus</strong></span> <span class='ocrx_word' id='word_1_367' title='bbox 680 3565 766 3638; x_wconf 88' lang='lat' dir='ltr'><strong>lapsa</strong></span> <span class='ocrx_word' id='word_1_368' title='bbox 788 3562 908 3624; x_wconf 83' lang='lat' dir='ltr'><strong>fortuna</strong></span> <span class='ocrx_word' id='word_1_369' title='bbox 924 3565 1049 3625; x_wconf 84' lang='lat' dir='ltr'><strong>accidat</strong></span> <span class='ocrx_word' id='word_1_370' title='bbox 1078 3563 1173 3628; x_wconf 89' lang='lat' dir='ltr'><strong>Ennii</strong></span> <span class='ocrx_word' id='word_1_371' title='bbox 1188 3563 1347 3628; x_wconf 89' lang='lat' dir='ltr'><strong>Euheme-</strong></span> 
     </span>
     <span class='ocr_line' id='line_1_35' title="bbox 184 3657 1348 3741; baseline -0.002 -17"><span class='ocrx_word' id='word_1_372' title='bbox 184 3678 240 3725; x_wconf 86' lang='lat' dir='ltr'><strong>rus</strong></span> <span class='ocrx_word' id='word_1_373' title='bbox 263 3657 300 3724; x_wconf 86' lang='lat' dir='ltr'><strong>fr.</strong></span> <span class='ocrx_word' id='word_1_374' title='bbox 319 3664 349 3739; x_wconf 87' lang='grc'><strong>3,</strong></span> <span class='ocrx_word' id='word_1_375' title='bbox 379 3677 409 3741; x_wconf 91' lang='lat' dir='ltr'><strong>p.</strong></span> <span class='ocrx_word' id='word_1_376' title='bbox 430 3662 490 3723; x_wconf 88' lang='grc'><strong>169</strong></span> <span class='ocrx_word' id='word_1_377' title='bbox 513 3658 664 3723; x_wconf 91' lang='lat' dir='ltr'><strong>Vahlen.:</strong></span> <span class='ocrx_word' id='word_1_378' title='bbox 689 3661 824 3734; x_wconf 86' lang='lat' dir='ltr'><strong>suadent,</strong></span> <span class='ocrx_word' id='word_1_379' title='bbox 842 3691 879 3704; x_wconf 89' lang='lat'><strong>-</strong></span> <span class='ocrx_word' id='word_1_380' title='bbox 898 3667 931 3720; x_wconf 93' lang='lat' dir='ltr'><strong>ut</strong></span> <span class='ocrx_word' id='word_1_381' title='bbox 953 3661 990 3721; x_wconf 85' lang='lat' dir='ltr'><strong>de</strong></span> <span class='ocrx_word' id='word_1_382' title='bbox 1010 3679 1100 3736; x_wconf 82' lang='lat' dir='ltr'><strong>ropac</strong></span> <span class='ocrx_word' id='word_1_383' title='bbox 1122 3681 1181 3723; x_wconf 90' lang='lat' dir='ltr'><strong>non</strong></span> <span class='ocrx_word' id='word_1_384' title='bbox 1201 3663 1348 3724; x_wconf 89' lang='lat' dir='ltr'><strong>concedat</strong></span> 
     </span>
     <span class='ocr_line' id='line_1_36' title="bbox 182 3754 1344 3835; baseline 0 -17"><span class='ocrx_word' id='word_1_385' title='bbox 182 3759 281 3820; x_wconf 87' lang='lat' dir='ltr'><strong>fratri.</strong></span> <span class='ocrx_word' id='word_1_386' title='bbox 325 3754 679 3835; x_wconf 60' lang='lat' dir='ltr'><strong>placamentum,</strong></span> <span class='ocrx_word' id='word_1_387' title='bbox 699 3759 774 3819; x_wconf 82' lang='lat'>127:</span> <span class='ocrx_word' id='word_1_388' title='bbox 798 3758 846 3817; x_wconf 87' lang='lat' dir='ltr'><strong>Dc</strong></span> <span class='ocrx_word' id='word_1_389' title='bbox 867 3759 1001 3831; x_wconf 80' lang='lat' dir='ltr'><strong>iaprohc&#39;s</strong></span> <span class='ocrx_word' id='word_1_390' title='bbox 1022 3760 1098 3820; x_wconf 83' lang='lat' dir='ltr'><strong>ciris</strong></span> <span class='ocrx_word' id='word_1_391' title='bbox 1121 3759 1234 3820; x_wconf 86' lang='lat' dir='ltr'><strong>auferri</strong></span> <span class='ocrx_word' id='word_1_392' title='bbox 1256 3775 1344 3834; x_wconf 91' lang='lat' dir='ltr'><strong>prao·</strong></span> 
     </span>
     <span class='ocr_line' id='line_1_37' title="bbox 183 3851 1343 3932; baseline -0.001 -15"><span class='ocrx_word' id='word_1_393' title='bbox 183 3859 272 3917; x_wconf 89' lang='lat' dir='ltr'><strong>mium</strong></span> <span class='ocrx_word' id='word_1_394' title='bbox 297 3863 327 3917; x_wconf 90' lang='lat' dir='ltr'><strong>et</strong></span> <span class='ocrx_word' id='word_1_395' title='bbox 349 3855 491 3930; x_wconf 84' lang='lat' dir='ltr'><strong>praedam</strong></span> <span class='ocrx_word' id='word_1_396' title='bbox 516 3855 612 3915; x_wconf 87' lang='lat' dir='ltr'><strong>decet.</strong></span> <span class='ocrx_word' id='word_1_397' title='bbox 657 3851 741 3917; x_wconf 89' lang='lat' dir='ltr'><strong>Meu.</strong></span> <span class='ocrx_word' id='word_1_398' title='bbox 755 3852 780 3930; x_wconf 94' lang='lat' dir='ltr'><strong>I,</strong></span> <span class='ocrx_word' id='word_1_399' title='bbox 807 3859 833 3932; x_wconf 94' lang='grc'>1,</span> <span class='ocrx_word' id='word_1_400' title='bbox 859 3858 915 3917; x_wconf 86' lang='lat'><strong>27:</strong></span> <span class='ocrx_word' id='word_1_401' title='bbox 939 3857 964 3916; x_wconf 89' lang='lat' dir='ltr'><strong>si</strong></span> <span class='ocrx_word' id='word_1_402' title='bbox 981 3856 1101 3930; x_wconf 83' lang='lat' dir='ltr'><strong>quidde</strong></span> <span class='ocrx_word' id='word_1_403' title='bbox 1115 3874 1228 3918; x_wconf 80' lang='lat' dir='ltr'><strong>summo</strong></span> <span class='ocrx_word' id='word_1_404' title='bbox 1245 3863 1343 3931; x_wconf 87' lang='lat' dir='ltr'><strong>petas.</strong></span> 
     </span>
     <span class='ocr_line' id='line_1_38' title="bbox 184 3950 1346 4032; baseline -0.003 -15"><span class='ocrx_word' id='word_1_405' title='bbox 184 3958 212 4032; x_wconf 89' lang='lat'><strong>3,</strong></span> <span class='ocrx_word' id='word_1_406' title='bbox 236 3955 293 4016; x_wconf 87' lang='lat'><strong>26:</strong></span> <span class='ocrx_word' id='word_1_407' title='bbox 317 3953 429 4028; x_wconf 87' lang='lat' dir='ltr'><strong>aliquid</strong></span> <span class='ocrx_word' id='word_1_408' title='bbox 453 3953 695 4012; x_wconf 88' lang='lat' dir='ltr'><strong>scitamentorum</strong></span> <span class='ocrx_word' id='word_1_409' title='bbox 719 3950 754 4010; x_wconf 81' lang='lat' dir='ltr'><strong>ae</strong></span> <span class='ocrx_word' id='word_1_410' title='bbox 777 3953 843 4024; x_wconf 76' lang='lat' dir='ltr'><strong>foro</strong></span> <span class='ocrx_word' id='word_1_411' title='bbox 865 3954 1048 4013; x_wconf 88' lang='lat' dir='ltr'><strong>obsonarier.</strong></span> <span class='ocrx_word' id='word_1_412' title='bbox 1087 3951 1146 4032; x_wconf 92' lang='lat' dir='ltr'><strong>III,</strong></span> <span class='ocrx_word' id='word_1_413' title='bbox 1169 3957 1199 4030; x_wconf 86' lang='lat'><strong>2,</strong></span> <span class='ocrx_word' id='word_1_414' title='bbox 1223 3954 1279 4014; x_wconf 86' lang='lat'><strong>26:</strong></span> <span class='ocrx_word' id='word_1_415' title='bbox 1303 3953 1346 4015; x_wconf 91' lang='lat' dir='ltr'><strong>Ut</strong></span> 
     </span>
     <span class='ocr_line' id='line_1_39' title="bbox 181 4046 1346 4126; baseline -0.001 -15"><span class='ocrx_word' id='word_1_416' title='bbox 181 4053 366 4126; x_wconf 90' lang='lat' dir='ltr'><strong>surrupuisti</strong></span> <span class='ocrx_word' id='word_1_417' title='bbox 392 4057 423 4110; x_wconf 91' lang='lat' dir='ltr'><strong>te</strong></span> <span class='ocrx_word' id='word_1_418' title='bbox 445 4050 518 4108; x_wconf 92' lang='lat' dir='ltr'><strong>mihi</strong></span> <span class='ocrx_word' id='word_1_419' title='bbox 541 4049 650 4108; x_wconf 88' lang='lat' dir='ltr'><strong>dudum</strong></span> <span class='ocrx_word' id='word_1_420' title='bbox 672 4050 708 4107; x_wconf 85' lang='lat' dir='ltr'><strong>de</strong></span> <span class='ocrx_word' id='word_1_421' title='bbox 730 4048 805 4120; x_wconf 81' lang='lat' dir='ltr'><strong>soro.</strong></span> <span class='ocrx_word' id='word_1_422' title='bbox 851 4046 934 4112; x_wconf 91' lang='lat' dir='ltr'><strong>Men.</strong></span> <span class='ocrx_word' id='word_1_423' title='bbox 965 4065 993 4111; x_wconf 88' lang='lat' dir='ltr'><strong>v.</strong></span> <span class='ocrx_word' id='word_1_424' title='bbox 1017 4053 1092 4114; x_wconf 83' lang='lat'>599:</span> <span class='ocrx_word' id='word_1_425' title='bbox 1130 4051 1189 4112; x_wconf 90' lang='lat' dir='ltr'><strong>Ubi</strong></span> <span class='ocrx_word' id='word_1_426' title='bbox 1217 4051 1346 4125; x_wconf 89' lang='lat' dir='ltr'><strong>primam</strong></span> 
     </span>
     <span class='ocr_line' id='line_1_40' title="bbox 182 4146 1345 4222; baseline -0.002 -14"><span class='ocrx_word' id='word_1_427' title='bbox 182 4150 335 4220; x_wconf 89' lang='lat' dir='ltr'><strong>licitumst,</strong></span> <span class='ocrx_word' id='word_1_428' title='bbox 362 4147 432 4206; x_wconf 90' lang='lat' dir='ltr'><strong>iiico</strong></span> <span class='ocrx_word' id='word_1_429' title='bbox 455 4148 615 4220; x_wconf 86' lang='lat' dir='ltr'><strong>properavi</strong></span> <span class='ocrx_word' id='word_1_430' title='bbox 638 4147 721 4206; x_wconf 87' lang='lat' dir='ltr'><strong>abiro</strong></span> <span class='ocrx_word' id='word_1_431' title='bbox 743 4147 779 4206; x_wconf 88' lang='lat' dir='ltr'><strong>de</strong></span> <span class='ocrx_word' id='word_1_432' title='bbox 800 4146 876 4218; x_wconf 81' lang='lat' dir='ltr'><strong>soro.</strong></span> <span class='ocrx_word' id='word_1_433' title='bbox 906 4161 935 4208; x_wconf 89' lang='lat' dir='ltr'><strong>v.</strong></span> <span class='ocrx_word' id='word_1_434' title='bbox 960 4149 1039 4209; x_wconf 82' lang='lat'><strong>870:</strong></span> <span class='ocrx_word' id='word_1_435' title='bbox 1063 4148 1116 4209; x_wconf 84' lang='lat' dir='ltr'><strong>Set</strong></span> <span class='ocrx_word' id='word_1_436' title='bbox 1137 4151 1203 4222; x_wconf 87' lang='lat' dir='ltr'><strong>quis</strong></span> <span class='ocrx_word' id='word_1_437' title='bbox 1223 4150 1272 4207; x_wconf 89' lang='lat' dir='ltr'><strong>hic</strong></span> <span class='ocrx_word' id='word_1_438' title='bbox 1288 4155 1345 4222; x_wconf 91' lang='lat' dir='ltr'><strong>est,</strong></span> 
     </span>
     <span class='ocr_line' id='line_1_41' title="bbox 181 4241 1346 4321; baseline 0 -17"><span class='ocrx_word' id='word_1_439' title='bbox 181 4245 233 4319; x_wconf 89' lang='lat' dir='ltr'><strong>qui</strong></span> <span class='ocrx_word' id='word_1_440' title='bbox 257 4262 303 4303; x_wconf 91' lang='lat' dir='ltr'><strong>me</strong></span> <span class='ocrx_word' id='word_1_441' title='bbox 330 4246 440 4319; x_wconf 91' lang='lat' dir='ltr'><strong>capillo</strong></span> <span class='ocrx_word' id='word_1_442' title='bbox 464 4245 533 4304; x_wconf 93' lang='lat' dir='ltr'><strong>hinc</strong></span> <span class='ocrx_word' id='word_1_443' title='bbox 555 4243 591 4302; x_wconf 84' lang='lat' dir='ltr'><strong>de</strong></span> <span class='ocrx_word' id='word_1_444' title='bbox 612 4259 705 4304; x_wconf 84' lang='lat' dir='ltr'><strong>carra</strong></span> <span class='ocrx_word' id='word_1_445' title='bbox 727 4243 857 4318; x_wconf 81' lang='lat' dir='ltr'><strong>deripit?</strong></span> <span class='ocrx_word' id='word_1_446' title='bbox 901 4241 1016 4306; x_wconf 87' lang='lat' dir='ltr'><strong>Bacch.</strong></span> <span class='ocrx_word' id='word_1_447' title='bbox 1033 4241 1092 4321; x_wconf 93' lang='grc' dir='ltr'>ΙΙΙ,</span> <span class='ocrx_word' id='word_1_448' title='bbox 1111 4247 1137 4320; x_wconf 95' lang='grc'>1,</span> <span class='ocrx_word' id='word_1_449' title='bbox 1161 4245 1215 4307; x_wconf 82' lang='lat'><strong>16:</strong></span> <span class='ocrx_word' id='word_1_450' title='bbox 1238 4245 1285 4306; x_wconf 84' lang='lat' dir='ltr'><strong>De</strong></span> <span class='ocrx_word' id='word_1_451' title='bbox 1299 4261 1346 4304; x_wconf 86' lang='lat' dir='ltr'><strong>me</strong></span> 
     </span>
    </p>
   </div>
   <div class='ocr_carea' id='block_1_5' title="bbox 0 0 1524 4758">
    <p class='ocr_par' dir='ltr' id='par_1_7' title="bbox 0 0 1524 4758">
     <span class='ocr_line' id='line_1_42' title="bbox 0 0 1524 4758; baseline 0 0"><span class='ocrx_word' id='word_1_452' title='bbox 0 0 1524 4758; x_wconf 95' lang='lat' dir='ltr'><strong> </strong></span> 
     </span>
    </p>
   </div>
  </div>
 </body>
</html>
