3040 4758
247 275 287 332 62
683 265 837 306 suescant.
859 265 922 306 CAP.
934 265 977 306 111.

244 445 275 516 4,
299 441 348 502 29.
385 435 500 501 Pseud.
517 435 555 515 V,
582 443 609 515 1,
633 442 662 500 2.
694 436 777 502 Men.
799 437 837 516 V,
862 441 890 516 2,
915 442 971 501 92:
995 439 1139 498 adducam
1162 438 1213 512 qui
1234 438 1312 496 hunc
1336 437 1405 497 biae

245 537 363 597 tollant.
401 532 467 598 Mil.
491 550 520 596 v.
539 538 631 598 1421.
665 533 888 600 Men.v.169:
914 535 1034 598 Olfacta
1056 536 1147 610 igitur
1170 535 1246 594 biae.
1284 531 1402 596 Bacch.

245 630 300 709 IV,
328 637 355 709 l,
379 636 412 693 7:
436 631 568 692 Recedin
590 633 659 694 binc
681 634 818 694 directe?
861 631 975 698 Bacch.
998 631 1023 709 Ι,
1048 635 1077 708 2,
1102 635 1136 694 5:
1164 633 1229 704 Quo
1252 649 1331 690 nuuc
1355 648 1403 690 ca·

242 732 341 805 pessis
363 731 414 790 ted
436 731 506 789 blac
527 731 654 790 advorsa
676 731 731 790 via.
755 728 871 794 Bacch.
888 728 948 808 ΙΙΙ,
975 735 1000 807 1,
1027 733 1074 792 17.
1098 726 1200 805 IV,3,
1221 730 1274 789 18:
1298 744 1403 788 aurum

241 833 348 902 petere
371 828 447 887 biae.
472 824 574 888 'Men
593 823 631 896 V,
655 830 683 902 3,
708 830 740 888 5:
763 828 809 888 Ne
833 829 862 887 ei
884 830 943 888 iam
962 829 1111 900 indicetis,
1132 844 1190 900 qua
1208 828 1313 900 platea
1334 825 1404 884 biom

243 924 418 998 aufugerim.
462 919 557 986 Most.
581 920 619 998 V,
643 925 672 999 2,
699 926 745 984 14.
774 921 871 987 Most.
893 922 936 1002 11,
963 929 990 1001 1,
1014 926 1062 986 58.
1087 927 1137 986 79.
1167 919 1261 984 Most.
1284 936 1313 982 v.
1332 922 1402 982 932.

241 1019 336 1082 Most.
352 1017 391 1096 V,
417 1022 444 1097 l,
470 1023 527 1083 54:
552 1021 601 1080 Sic
624 1027 723 1080 tamen
746 1022 816 1082 bino
838 1024 994 1084 consilium
1017 1023 1137 1083 dedero.
1183 1015 1270 1080 Pers.
1291 1015 1349 1094 IV,
1374 1020 1402 1090 3,

242 1121 272 1180 8.
313 1115 352 1193 V,
381 1121 412 1194 4,
444 1119 493 1178 16.
539 1112 655 1179 caecil.
684 1113 765 1180 Stat
797 1115 961 1197 Syracosii
987 1115 1025 1180 fr.
1057 1122 1090 1182 2:
1125 1123 1230 1176 tantan
1260 1115 1331 1174 biae
1358 1116 1401 1172 in-

244 1217 321 1276 vasit
343 1217 374 1274 iu
397 1220 449 1274 tua
472 1214 564 1274 corda
586 1214 737 1276 duleitas?
781 1213 910 1278 Terent.
934 1213 1061 1278 Phorm.
1086 1211 1112 1292 Ι,
1134 1218 1164 1290 4,
1191 1215 1245 1274 13:
1280 1211 1402 1286 Aliquid

241 1327 449 1372 convasassem
471 1317 560 1385 atque
584 1312 651 1372 hiae
672 1331 718 1372 mo
741 1315 910 1374 conicerem
932 1314 1084 1386 protinam
1104 1313 1134 1370 in
1157 1311 1261 1386 pedes.
1301 1306 1400 1370 Andr.

239 1405 295 1484 IV,
319 1411 348 1483 2,
371 1409 429 1469 24:
459 1409 528 1468 biae
554 1427 606 1470 vos
630 1411 801 1470 amolimini.
846 1408 962 1473 Heaut.
985 1407 1030 1486 II,
1061 1411 1090 1483 2,
1121 1410 1174 1470 10:
1196 1408 1264 1467 Non
1289 1408 1402 1480 cogitas

240 1507 309 1566 biae
331 1508 449 1582 longule
474 1506 561 1566 esse?
605 1504 753 1584 Hec.IV,
778 1511 806 1582 3,
832 1508 991 1582 1:proeu1
1013 1507 1082 1566 biae
1105 1511 1196 1566 stans.
1241 1501 1323 1564 Eum
1342 1499 1400 1579 ΠΙ,

239 1609 269 1680 4,
296 1606 349 1665 10:
384 1605 491 1677 procul
514 1605 584 1664 blac
603 1605 688 1664 lubet
708 1605 792 1677 prius
816 1605 886 1680 quid
916 1606 955 1665 sit
977 1603 1134 1665 sciscitari.
1179 1599 1298 1663 Heaut.
1322 1598 1348 1677 Ι,
1374 1602 1400 1674 1,

242 1703 318 1763 121;
342 1701 395 1759 ibo
419 1700 494 1759 adeo
517 1701 586 1759 biae
605 1702 695 1760 iutro.
741 1699 799 1763 Ad.
823 1699 861 1777 V,
886 1705 915 1780 3,
940 1703 989 1762 55.

324 1795 353 1860 b.
390 1793 523 1873 Saepius
552 1794 613 1859 boc
639 1793 830 1875 intelligitur
857 1797 898 1860 de
926 1802 1014 1860 terra
1042 1794 1092 1859 vel
1119 1795 1159 1858 de
1188 1793 1323 1874 regione
1352 1790 1401 1855 vel

239 1893 278 1958 de
301 1891 382 1956 urbe
405 1891 455 1956 vel
478 1891 517 1954 de
541 1891 644 1970 domo,
666 1891 700 1954 in
723 1909 786 1972 qua
808 1893 923 1971 aliquis
946 1899 1103 1957 versatur.
1147 1889 1262 1954 Naevii
1276 1889 1401 1952 Hector

137 2019 140 2024 ·
238 1987 443 2068 proficiscens
458 1986 496 2051 fr.
517 1993 543 2053 1.
566 1988 670 2054 Plaut.
688 1989 784 2055 Stich.
801 1989 840 2069 V,
857 1995 885 2068 3,
903 1995 931 2054 2.
954 1995 982 2056 9.
1010 1988 1095 2054 Men.
1112 1988 1167 2065 IV,
1187 1993 1213 2066 1,
1231 1993 1259 2054 3.
1282 1985 1399 2052 Bacch.

237 2086 283 2164 ΙΙ,
310 2091 337 2166 1,
361 2089 396 2148 2:
429 2088 627 2162 Posteaquam
650 2089 769 2149 biacia
792 2092 946 2164 Ephesum
970 2091 1038 2151 abii.
1083 2085 1198 2152 Bacch.
1221 2084 1264 2164 ΙΙ,
1288 2089 1319 2163 3,
1346 2089 1398 2148 15;

239 2185 318 2259 Quid
340 2185 397 2243 hoc
420 2201 479 2258 qua
506 2202 612 2246 caussa
640 2204 706 2246 eum
734 2187 804 2246 biae
830 2188 860 2246 in
885 2189 1037 2263 Ephesum
1067 2185 1244 2246 misseram?
1288 2182 1345 2260 IV,
1369 2186 1398 2260 2,

238 2285 266 2346 9.
290 2277 404 2344 Bacch.
426 2279 470 2358 ΙΙ,
494 2285 523 2358 3,
550 2284 626 2344 12οε
651 2285 749 2343 Senex
770 2286 802 2343 iu
824 2286 978 2358 Ephesum
999 2285 1068 2343 blac
1090 2285 1146 2343 ibit
1168 2299 1271 2342 aurum
1295 2300 1398 2342 arces·

236 2395 312 2440 sere.
359 2375 418 2456 111,
440 2381 470 2456 2,
491 2384 520 2442 4.
550 2375 675 2457 Milli,
700 2383 728 2458 3,
754 2383 803 2444 88.
826 2379 912 2444 Men.
928 2379 966 2458 V,
989 2385 1018 2457 2,
1043 2385 1097 2442 71:
1122 2397 1190 2440 num
1213 2379 1283 2438 binc
1305 2380 1397 2438 exmi-

236 2463 368 2549 grastis?
411 2475 506 2538 Most.
531 2479 633 2538 1125.
669 2475 695 2554 Ι,
722 2481 827 2556 1,76:
859 2481 1032 2538 Triennium
1055 2480 1106 2553 qui
1128 2480 1187 2538 iam
1211 2476 1280 2536 biae
1302 2477 1396 2537 abest.

234 2571 277 2650 Π,
301 2576 330 2649 2,
362 2575 411 2634 12.
444 2571 499 2650 IV,
522 2575 552 2650 2,
582 2577 631 2636 37.
656 2577 705 2638 59.
739 2573 794 2653 1V,
819 2579 848 2653 3,
877 2579 907 2638 2.
942 2573 981 2652 V,
1007 2580 1033 2652 1,
1066 2577 1116 2636 68.
1151 2573 1240 2640 Pera
1270 2595 1299 2640 v.
1326 2582 1396 2641 811·

234 2665 333 2732 Marc.
357 2687 384 2732 v.
410 2675 439 2733 7.
464 2686 492 2731 v.
517 2674 588 2734 354.
616 2669 676 2751 ΠΙ,
699 2677 729 2750 4,
753 2677 802 2738 19.
830 2671 868 2750 V,
893 2675 922 2750 2,
948 2676 997 2733 11.
1025 2669 1123 2736 Mero.
1149 2670 1184 2750 V,
1208 2677 1237 2750 2,
1260 2677 1309 2736 53.
1336 2673 1395 2737 Te·

231 2769 314 2828 rent.
336 2764 469 2846 Adelph.
494 2765 549 2846 IV,
580 2773 610 2846 4,
637 2772 690 2832 10:
727 2773 804 2831 Nam
830 2777 864 2830 ut
889 2771 958 2829 blac
979 2768 1058 2830 forte
1082 2787 1118 2828 ea
1140 2771 1178 2830 ad
1201 2772 1395 2832 obstetricem

233 2871 301 2924 erat
322 2865 422 2926 missa.
466 2862 592 2928 Phorm.
615 2864 654 2943 V,
677 2869 707 2945 8,
731 2869 789 2930 85:
824 2870 892 2928 Non
920 2869 977 2928 boc
1004 2867 1166 2942 publicitus
1194 2871 1295 2928 scelus
1327 2869 1395 2929 biae

233 2963 420 3037 asportarier
442 2966 475 3022 In
500 2966 579 3025 solas
602 2966 717 3024 terras!

317 3075 342 3121 c.
378 3056 460 3124 Sunt
482 3057 638 3137 quaedam
662 3057 761 3122 verba
784 3063 817 3123 et
839 3058 1012 3136 dictiones,
1048 3057 1164 3139 quibus
1191 3059 1392 3124 coniunctum

230 3159 300 3218 aaa
326 3160 382 3219 aut
415 3155 574 3220 notionem
604 3155 693 3219 verbi
721 3155 902 3221 distinctius
933 3161 1041 3234 notat,
1074 3161 1110 3220 ut
1137 3158 1206 3218 blac
1233 3159 1316 3218 obire
1343 3159 1392 3222 est

230 3249 403 3334 moggcbea.
426 3255 496 3314 biae
517 3257 623 3322 abeas,
645 3255 715 3314 biae
736 3255 868 3326 auferre,
891 3258 947 3318 aut
971 3257 1165 3318 commutata
1187 3252 1390 3334 cogitationis

229 3348 336 3427 specie
356 3347 461 3414 locum
483 3349 615 3429 originis
637 3350 688 3414 vel
709 3349 884 3415 habitaculi
906 3348 1074 3430 significat.
1115 3350 1168 3416 Ita
1190 3350 1299 3414 dicunt
1321 3353 1390 3414 latae

228 3463 288 3507 csse
311 3444 350 3508 de
374 3444 495 3509 civibus
517 3447 616 3526 urbis,
647 3447 731 3512 unde
751 3450 822 3510 blac
844 3449 916 3508 ciuis
937 3465 995 3528 pro
1016 3465 1055 3512 ex
1076 3445 1136 3511 hac
1158 3446 1246 3511 urbe.
1282 3447 1386 3512 Plaut.

227 3541 344 3606 Bacch.
367 3540 421 3616 IV,
445 3545 475 3620 8,
499 3547 548 3606 59.
572 3543 611 3620 V,
634 3549 663 3623 2,
685 3549 742 3608 48:
765 3547 843 3607 Abin
865 3545 955 3606 hinc?
1000 3543 1097 3608 Stich.
1113 3542 1168 3622 IV,
1185 3548 1215 3622 2,
1238 3548 1296 3608 23:
1319 3549 1386 3606 Non

227 3647 260 3701 tu
280 3643 349 3702 binc
370 3640 455 3700 ubis?
485 3638 523 3717 V,
548 3645 576 3717 7,
600 3644 629 3704 6.
653 3639 765 3720 Amph.
780 3640 806 3720 1,
833 3647 859 3720 1,
883 3645 959 3705 284:
983 3645 1070 3703 Nunc
1093 3643 1211 3717 quando
1234 3659 1288 3717 ego
1311 3660 1384 3715 sum,

226 3740 395 3815 vapulabis,
431 3739 463 3796 ni
484 3738 554 3797 bino
575 3738 654 3804 obis,
684 3741 831 3814 ignobilis.
877 3737 921 3818 ΙΙ,
940 3742 970 3816 2,
995 3739 1066 3800 228.
1089 3735 1205 3802 Pseud.
1228 3737 1253 3816 1,
1279 3743 1306 3818 1,
1330 3741 1386 3800 51;

224 3839 310 3912 prius
333 3853 420 3911 quam
444 3835 513 3893 aaa
534 3836 615 3894 aaut.
645 3833 671 3911 1,
694 3839 725 3913 4,
752 3839 785 3898 1:
809 3839 970 3911 Postquam
992 3839 1045 3898 me
1065 3836 1134 3896 ocae
1156 3837 1237 3896 acia.
1269 3819 1384 3898 Pseud.

224 3949 255 3994 v.
281 3935 372 3998 1031.
395 3930 452 4009 IV,
476 3936 505 4009 5,
530 3935 558 3994 2.
582 3929 675 3994 Truc.
690 3930 746 4010 IV,
763 3937 794 4012 4,
810 3936 868 3996 31:
892 3936 948 3996 Ille
964 3934 1084 4009 quidem
1099 3934 1168 3992 biae
1182 3933 1265 3994 obiit.
1299 3929 1383 3994 Men.

142 4095 143 4102 ,
224 4027 266 4102 ΙΙ,
283 4031 312 4105 2,
330 4030 379 4092 61.
403 4027 487 4094 Men.
503 4047 532 4092 v.
550 4031 625 4092 603:
647 4029 719 4090 biae
740 4032 821 4092 intro
843 4029 957 4094 abeam.
1001 4029 1083 4096 Rud.
1099 4027 1156 4108 IV,
1179 4035 1209 4108 4,
1236 4032 1289 4094 12:
1311 4029 1384 4088 Abi·

223 4126 275 4186 isti
297 4126 366 4189 alac
387 4145 470 4186 erum
491 4127 690 4190 arcessitum?
732 4125 817 4190 Men.
841 4125 880 4206 V,
903 4131 933 4206 2,
958 4131 1013 4192 99;
1044 4131 1089 4188 Ne
1113 4146 1171 4204 quo
1194 4129 1264 4188 biae
1290 4128 1381 4186 abaci.

223 4219 290 4284 mn.
313 4220 356 4300 11,
383 4228 409 4300 1,
435 4226 483 4286 11.
507 4221 562 4304 lv,
585 4229 615 4301 4,
640 4227 689 4288 aa.
714 4221 828 4287 Bacch.
846 4222 888 4302 Π,
912 4227 941 4302 2,
964 4227 999 4286 a:
1025 4227 1082 4299 ou
1104 4227 1187 4294 aare
1210 4226 1279 4286 auae
1302 4225 1382 4285 nuno
