3058 4766
483 260 570 300 CASUS
585 260 853 320 sussuuuruvonun.
869 283 893 290 -
908 263 1011 302 ABLAT.
1275 275 1313 332 89

161 431 244 497 lucia
264 430 302 497 fr.
326 440 359 497 4:
383 438 485 498 Facile
509 454 678 496 aerumnam
698 419 780 496 ierre
803 455 933 516 possum,
958 440 983 498 si
1004 441 1073 498 inde
1091 439 1175 498 abest
1193 440 1314 500 iniuria:

161 534 263 592 Etiam
285 533 431 611 iniuriam,
454 537 511 595 nisi
534 538 636 594 contro
659 541 776 594 constat
799 537 987 596 contumelia.
1030 532 1093 599 Inc.
1118 533 1179 597 lab.
1203 533 1240 597 fr.
1266 539 1313 612 15,

161 647 192 692 ν.
224 632 302 692 263;
340 637 441 692 couno
468 633 570 692 amari.
614 627 741 694 Terent.
771 630 851 694 Eun.
879 629 921 709 ΙΙ,
954 637 982 710 3,
1013 637 1068 695 64:
1102 635 1179 708 quod
1207 635 1313 694 donum

163 729 232 788 huic
256 729 333 790 dono
357 737 461 790 contra
484 737 644 804 comparet.
667 761 709 770 -
732 732 835 790 Ectro
858 727 936 792 Cato
959 728 996 792 R.
1020 729 1056 792 R.
1080 747 1105 793 c.
1133 735 1206 792 144:
1230 735 1315 790 cotra

161 843 249 900 quam
266 827 291 885 si
310 845 395 901 quem
413 829 525 888 socium
547 829 824 901 impraesentiarum
839 829 956 890 dixerit.
980 827 1074 890 Ennii
1090 825 1191 889 annal.
1208 824 1229 887 l.
1246 826 1313 901 XV,

159 920 396 1000 mzuffli

247 1018 390 1099 Denique
421 1019 481 1086 huc
510 1020 672 1100 pertinent
701 1019 851 1084 adverbia
874 1039 967 1095 propo
996 1023 1028 1084 et
1044 1039 1175 1095 pureque.
1220 1022 1315 1094 Prope

160 1121 218 1180 aut
239 1116 301 1181 loci
323 1115 583 1198 significationem
607 1117 712 1195 habet,
743 1122 800 1180 aut
822 1114 981 1198 siguificat
1002 1136 1067 1180 rem
1090 1118 1228 1196 aliquam
1252 1136 1315 1180 non

159 1214 255 1295 longe
277 1215 390 1280 abesse
412 1235 432 1280 a
454 1223 543 1281 certa
565 1215 701 1295 quadam
727 1233 837 1280 rerum
863 1215 1040 1280 conditione
1063 1215 1113 1279 vel
1137 1220 1224 1280 statu
1248 1216 1315 1280 sive

159 1317 286 1377 eventu.
318 1312 396 1378 Cato
420 1313 456 1378 R.
473 1314 510 1378 R.
527 1331 551 1378 c.
579 1318 610 1376 1:
633 1314 773 1389 oppidum
795 1317 922 1378 validum
939 1331 1033 1388 prope
1053 1317 1100 1374 sit.
1125 1312 1228 1379 Plaut.
1242 1312 1313 1377 Aul.

160 1410 187 1490 Ι,
212 1415 240 1490 2,
266 1415 320 1476 24:
344 1415 419 1473 Nam
442 1415 480 1474 ad
502 1413 584 1474 aedis
608 1420 725 1474 nostras
741 1431 883 1487 nusquam
901 1413 984 1485 adiit,
1008 1430 1183 1487 quamquam
1192 1420 1315 1486 proposi

163 1509 222 1585 (sic
236 1507 431 1573 Fleckeisen.
449 1526 551 1574 exerc.
567 1508 671 1574 Plaut.
694 1527 723 1588 p.
749 1513 788 1573 32
812 1507 873 1589 sq.)
904 1507 998 1572 Most.
1021 1507 1062 1584 ΙΙ,
1087 1514 1115 1588 2,
1141 1514 1188 1574 16.
1214 1509 1312 1574 Marc.

156 1606 183 1685 Ι,
208 1611 236 1685 2,
260 1612 308 1672 75.
354 1605 467 1670 Bacch.
491 1605 545 1684 IV,
578 1610 606 1684 6,
630 1611 663 1670 4:
699 1610 771 1680 Quis
794 1609 924 1682 loquitur
941 1609 1055 1682 prope?
1092 1614 1121 1683 9,
1146 1612 1200 1672 63:
1236 1628 1313 1670 nnnc

150 1723 246 1780 prope
268 1707 353 1766 adest
374 1707 495 1766 exitium
518 1708 583 1767 llio.
628 1703 742 1768 Pseud.
765 1703 791 1782 Ι,
821 1710 848 1781 1,
879 1708 932 1767 58;
958 1724 1051 1780 propo
1078 1709 1163 1767 adest
1191 1710 1313 1767 exitium

160 1805 240 1863 mihi.
287 1801 378 1866 Truc.
402 1801 428 1881 1,
452 1805 481 1880 2,
507 1806 581 1867 105:
602 1811 735 1878 proposi,
764 1803 902 1878 proiecta
930 1822 986 1879 quo
1010 1823 1081 1864 sum.
1128 1802 1152 1881 Ι,
1180 1810 1205 1882 1,
1233 1807 1312 1866 125ε

160 1903 237 1975 Quid
253 1903 308 1962 tibi
325 1903 361 1961 ad
377 1904 466 1962 hasce
490 1903 622 1962 accessio
645 1904 728 1962 aedis
751 1909 797 1961 est
812 1917 907 1974 prope
922 1909 973 1961 aut
994 1902 1140 1976 pultatioi
1163 1900 1315 1964 Nonnun-

158 2013 253 2076 quam
270 1998 427 2063 convertit
443 2015 477 2061 se
492 1998 525 2061 in
547 1994 811 2077 significationem
833 1996 1021 2062 translatam
1044 2000 1115 2072 sere,
1140 2001 1176 2061 ut
1198 1996 1312 2062 Bacch.

158 2093 203 2172 V,
235 2100 267 2174 2,
295 2100 357 2160 41:
388 2113 483 2170 prope
511 2099 587 2158 scire
616 2104 687 2171 puto
716 2115 771 2155 me.
817 2096 866 2158 De
889 2102 1032 2176 tempore
1062 2095 1146 2160 Men.
1177 2114 1205 2158 v.
1234 2099 1312 2158 985:

157 2193 300 2270 Properat,
330 2197 461 2269 quando,
492 2193 567 2258 item
596 2192 724 2256 Terent.
759 2191 856 2256 Andr.
879 2193 904 2271 Ι,
935 2199 961 2269 l,
989 2197 1063 2256 125:
1099 2195 1195 2267 Prope
1218 2196 1313 2272 adest,

158 2309 245 2366 quom
268 2293 366 2352 alieno
389 2310 470 2353 more
492 2293 678 2354 vivendnmst
701 2294 780 2351 mihi.
808 2325 851 2334 —
872 2293 998 2365 Perepre
1019 2290 1118 2354 Nacv.
1142 2289 1315 2354 Tarentilla

158 2383 195 2450 fr.
219 2391 252 2465 6,
280 2407 309 2451 v.
337 2392 387 2453 84.
431 2387 536 2453 Plaut.
564 2385 676 2468 fragm.
705 2386 795 2452 Cacc.
823 2405 853 2466 p.
880 2393 943 2452 476
974 2386 1022 2451 ed.
1052 2387 1187 2452 Gronov.
1218 2406 1247 2449 v.
1279 2392 1313 2450 6:

153 2492 312 2559 pereqrest.

245 2587 294 2646 20.
333 2582 426 2646 Ratio
448 2581 567 2662 localis,
591 2599 672 2663 quae
695 2586 745 2644 est
766 2582 848 2646 inter
870 2581 978 2661 plures
1001 2601 1053 2648 res
1075 2583 1160 2647 inter
1183 2601 1216 2647 sc
1239 2601 1314 2647 ccu-

158 2679 282 2744 iunctas
316 2686 348 2744 et
378 2682 589 2760 consociatas,
624 2699 689 2740 com
715 2677 950 2758 praepositione
979 2681 1181 2759 exprimitur,
1219 2682 1310 2745 cuius

160 2780 266 2842 tamen
293 2797 368 2843 usus
393 2779 571 2842 calvarius
594 2782 626 2843 et
647 2775 823 2854 multiplex.

247 2895 275 2941 a.
316 2880 389 2940 Gom
411 2877 555 2956 ponitur,
578 2876 606 2939 si
629 2876 710 2938 duae
733 2889 889 2953 personae
912 2873 963 2936 vel
989 2891 1042 2937 res
1063 2874 1109 2936 ita
1131 2881 1204 2937 sunt
1227 2874 1311 2940 inter

158 2990 192 3038 se
215 2975 414 3050 coniunctae,
445 2981 482 3039 ut
504 2979 560 3038 eut
582 2980 736 3052 utraeque
752 2970 837 3036 idem
858 2969 976 3034 faciant
990 2978 1048 3034 aut
1063 2971 1206 3050 utrisque
1222 2972 1307 3036 idem

155 3068 218 3134 fiat.
263 3071 362 3152 Legg.
393 3071 457 3135 XII
484 3072 580 3150 taba,
617 3069 681 3134 tab.
710 3069 766 3147 XI,
794 3067 832 3133 ir.
861 3072 894 3132 9:
929 3071 968 3129 im
998 3087 1063 3132 cam
1090 3071 1142 3128 illo
1170 3073 1308 3144 sepelire.

154 3165 233 3234 cato
255 3167 292 3232 R.
316 3167 353 3232 R.
378 3188 402 3234 c.
427 3174 479 3236 10:
503 3177 604 3232 aratra
626 3189 691 3230 cam
713 3171 877 3230 uouendos
902 3170 954 3230 VI.
999 3166 1093 3230 Ennii
1116 3165 1218 3230 annal.
1238 3165 1258 3229 l.
1281 3168 1307 3248 1,

153 3263 192 3330 fr.
222 3272 275 3345 37,
309 3286 338 3330 v.
362 3273 419 3332 55:
457 3271 557 3344 Teque
593 3277 680 3344 pater
713 3270 852 3328 Tiberine
880 3272 928 3328 tuo
955 3283 1020 3328 oum
1046 3267 1167 3337 damtm
1198 3271 1307 3328 sancto.

153 3364 350 3432 Euhemerus
371 3365 410 3431 ir.
439 3372 464 3444 1,
487 3384 517 3446 p.
543 3369 602 3430 169
627 3363 773 3428 Vahlen:
796 3367 822 3426 is
837 3367 867 3424 id
890 3383 1012 3440 regnum
1036 3381 1094 3422 una
1115 3381 1182 3422 oum
1202 3364 1309 3435 [rotri-

153 3468 205 3527 bas
227 3468 289 3528 sais
310 3467 448 3526 institnit.
492 3461 603 3526 Annal.
627 3461 646 3524 l.
670 3461 724 3537 VI,
747 3463 784 3525 ir.
810 3466 864 3525 20:
896 3464 1028 3522 Vestitus
1051 3464 1169 3522 interca
1192 3466 1305 3524 coelum

152 3582 218 3624 cam
240 3565 405 3639 imperandae
426 3564 528 3636 alonia
549 3559 568 3624 l.
592 3557 695 3637 XVII,
714 3557 753 3638 fr,
779 3564 806 3637 5,
830 3577 858 3622 v.
883 3563 959 3622 423:
984 3563 1140 3636 aquiloqne
1163 3577 1216 3620 auo
1240 3577 1305 3620 mom

152 3663 278 3733 flamine.
328 3659 431 3724 Plaut.
459 3657 546 3722 Pers
575 3656 617 3735 ΙΙ,
648 3662 677 3735 3,
707 3662 760 3722 15;
798 3661 847 3735 qni
874 3660 1000 3720 salinum
1027 3676 1113 3720 servo
1149 3659 1306 3734 obsignant

156 3777 220 3820 com
241 3761 317 3828 soto,
346 3763 435 3838 adq.
461 3757 481 3820 Ι.
502 3755 597 3820 affert
619 3755 784 3834 Scioppius
814 3753 938 3820 Curcul.
960 3754 990 3833 Ι,
1017 3760 1050 3832 1,
1075 3757 1129 3818 82;
1156 3757 1234 3816 Eius
1257 3757 1305 3819 nic

150 3875 216 3918 cosm
237 3859 304 3918 mmo
321 3862 404 3920 sinus
427 3857 549 3918 fertur?
572 3853 656 3931 qucd
672 3852 809 3944 explicat
824 3856 987 3930 persinas,
1010 3856 1041 3914 in
1063 3869 1120 3927 qno
1136 3860 1182 3914 est
1197 3854 1303 3913 uinum.

151 3952 236 4018 Triu.
259 3955 301 4031 ΙΙ,
324 3960 354 4032 4,
379 3961 434 4018 37:
459 3965 589 4014 mutuom
611 3968 723 4012 naccam
745 3952 827 4028 iacit,
855 3949 883 4012 h.
908 3968 946 4028 e..
970 3955 1006 4014 ut
1026 3947 1134 4012 Lamb.
1159 3947 1260 4027 cupi,
1283 3963 1304 4010 a

150 4069 200 4114 mc
227 4061 337 4117 mutuo
365 4055 499 4115 amatur.
542 4049 658 4114 Pseud.
681 4048 723 4126 ΙΙ,
758 4056 788 4126 4,
822 4052 877 4112 63:
911 4050 1079 4109 Sumbolum
1114 4049 1191 4106 hunc
1225 4046 1304 4106 ierat

149 4152 249 4211 lenoni
282 4169 347 4211 cum
379 4153 506 4226 quinque
533 4148 648 4222 argenti
675 4147 771 4206 morum.
815 4143 929 4208 Pseud.
962 4161 989 4206 v.
1020 4146 1082 4206 838
1112 4159 1171 4222 sq:
1206 4149 1246 4205 At
1273 4150 1303 4204 te

148 4249 283 4323 Iuppiter
306 4249 402 4322 Dique
426 4265 526 4308 omnes
549 4246 677 4320 perdant
704 4262 769 4304 cam
791 4244 980 4302 condimentis
1007 4243 1065 4302 tais
1090 4241 1220 4317 dumque
1244 4242 1302 4302 tuda
