3004 4764
245 278 309 338 370
696 265 823 307 raonem
839 265 901 306 cua.
915 266 953 306 rr.

245 441 297 508 Sic
319 461 344 508 c.
367 445 400 506 8:
430 444 489 504 Sub
520 443 592 504 urbe
614 443 732 504 bortum
755 459 841 502 omne
863 459 973 519 genus,
996 445 1209 503 coronamenta
1237 454 1322 499 omne
1344 455 1389 512 ga-

244 562 316 618 nne,
339 544 443 604 bulbos
465 541 644 615 megaricos,
666 544 794 600 murtam
820 541 1006 614 coniugulum
1040 546 1071 600 et
1098 539 1196 599 album
1219 544 1252 596 et
1273 537 1388 609 nigrum,

248 645 364 702 laurum
380 640 557 714 Delphicam
573 645 605 697 ct
627 637 784 712 Cyprioam
807 642 838 696 et
861 638 1033 711 silvaticam,
1050 653 1142 698 nuces
1164 637 1275 708 calvas,
1291 635 1390 694 arella·

242 759 307 812 nas,
331 737 542 798 Praenestinas
569 742 601 794 et
623 736 766 808 Graecas,
795 735 867 794 bace
893 734 984 795 facito
1012 737 1056 794 uti
1083 740 1230 794 serantur.
1277 728 1311 792 G.
1337 735 1386 793 el:

221 839 403 908 .Hordeum‚
426 832 546 895 foenum
562 832 718 905 Graecum,
742 847 851 899 ervum,
873 833 945 892 hacc
967 834 1066 894 monio
1087 839 1219 908 segetem
1243 833 1386 904 exsugnnt

242 931 276 997 (i.
301 938 357 996 73:
380 934 455 992 Eam
477 932 588 1004 pellem
604 937 634 988 et
656 928 704 989 iar
726 934 757 988 et
779 933 872 990 salem
894 937 926 990 et
948 931 1119 1006 serpullum,
1136 931 1209 988 boec
1224 927 1324 987 omacio
1338 941 1388 984 una

241 1032 400 1108 conterite,
422 1047 488 1090 cum
508 1030 576 1089 uiuo
600 1027 669 1087 dato
691 1027 785 1087 bubus
809 1027 912 1086 bibant
933 1029 1077 1091 omnibns.
1122 1024 1155 1090 C.
1182 1029 1260 1089 133:
1284 1025 1385 1094 Ficum,
1452 1055 1453 1066 .

243 1131 342 1190 oleam
363 1157 406 1170 -
435 1128 506 1186 boec
528 1126 628 1184 omnia
648 1141 757 1199 ymaro
779 1143 797 1185 a
818 1126 964 1200 capitibus
986 1128 1147 1202 propagari
1169 1157 1208 1166 -
1235 1123 1383 1198 oportebit.

240 1223 275 1290 G.
300 1228 354 1288 51:
376 1225 490 1298 Ficum,
514 1227 610 1284 oleam
632 1224 706 1284 cett.
750 1222 837 1282 Haec
863 1224 973 1283 corato.
993 1221 1026 1287 C.
1044 1227 1100 1288 31:
1117 1227 1255 1296 ulmeam,
1268 1223 1385 1296 pineam,

239 1341 374 1396 nuceam,
396 1323 473 1382 banc
494 1330 582 1396 atque
606 1323 695 1380 aliam
717 1322 871 1380 materiem
894 1339 1009 1382 omnam
1033 1339 1098 1382 cum
1121 1323 1255 1382 effodies.
1291 1315 1323 1380 G.
1339 1320 1384 1379 33:

239 1425 351 1483 circum
378 1422 478 1494 capita
500 1419 601 1479 addito
626 1425 751 1492 stercus,
774 1419 887 1496 paleas,
911 1421 1058 1495 rinacaas,
1082 1419 1193 1494 aliquid
1209 1420 1323 1489 horum,
1339 1411 1385 1474 nbi

238 1518 490 1583 additamentum
520 1519 631 1592 aliquid
659 1517 763 1576 horum
790 1519 916 1580 coercet
946 1515 1037 1594 quasi
1064 1519 1096 1579 et
1117 1512 1234 1579 finibus
1263 1512 1384 1578 circnm-

239 1615 351 1682 scribit
384 1631 422 1678 ea
448 1631 530 1693 qnae
558 1616 654 1678 antea
682 1611 813 1676 dixerat.
859 1610 893 1677 O.
916 1619 952 1679 9:
973 1616 1041 1674 Hoc
1063 1621 1110 1694 est
1138 1616 1295 1690 praedium
1317 1605 1384 1684 quod

239 1717 354 1778 ubivis
378 1715 498 1788 expedit
519 1711 630 1773 lacere.
676 1707 755 1774 Cato
777 1709 817 1776 de
844 1729 879 1774 re
902 1716 982 1776 rust.
1005 1710 1124 1791 praei:
1154 1713 1289 1772 Maiores
1317 1707 1382 1766 euin

238 1815 335 1876 nostri
357 1815 410 1872 boc
433 1813 476 1872 sic
499 1811 667 1870 babuerunt
692 1815 723 1870 et
743 1813 787 1871 ita
808 1813 840 1872 in
862 1814 977 1888 legibus
1000 1814 1183 1889 posivcrunt,
1199 1809 1296 1870 iurem
1312 1803 1382 1878 dupli

238 1911 445 1980 condemnari,
468 1907 687 1968 foeneratorem
715 1909 889 1986 quadrupli,
911 1906 941 1972 h.
966 1926 991 1971 e.
1016 1908 1100 1987 quod
1121 1907 1162 1972 ad
1184 1907 1245 1972 hoc
1267 1901 1380 1976 attinet,

237 2006 375 2070 maiores
407 2003 509 2067 nostri
537 2001 581 2066 sic
614 2000 792 2068 habuerunt
824 2010 899 2069 cett.
943 2005 1038 2070 Ennii
1067 2005 1268 2070 Euhemerus
1294 2000 1330 2066 ir.
1356 2002 1379 2070 4,

237 2107 296 2168 29:
326 2121 436 2178 eosque
469 2119 552 2162 mnro
578 2101 751 2178 circumegit
782 2109 813 2162 at
841 2106 1003 2166 custodiam
1030 2108 1078 2166 bis
1104 2108 1237 2181 apponit.
1288 2097 1375 2164 Plaut

238 2199 329 2281 Capt.
352 2199 382 2279 Ι,
406 2203 443 2279 2,
468 2203 482 2263 1
506 2215 587 2277 sqq:
609 2201 684 2260 istos
706 2201 839 2276 captivos
862 2202 935 2262 duos
958 2205 1031 2263 lieri
1051 2223 1123 2278 qnos
1147 2205 1204 2262 emi
1227 2205 1265 2263 de
1281 2195 1376 2278 praeda

175 2309 178 2316 '
237 2318 255 2363 a
278 2300 494 2376 quaestoribus,
516 2299 576 2358 His
598 2297 692 2358 indito
715 2304 837 2360 catenas
860 2301 1044 2375 singularias.
1083 2297 1173 2379 Capt.
1197 2299 1278 2377 prol.
1305 2315 1332 2359 v.
1352 2295 1377 2353 3:

235 2401 302 2458 Hoc
324 2417 375 2458 vos
402 2398 474 2458 mihi
496 2402 589 2457 testes
612 2399 685 2457 estis
706 2415 753 2456 ma
775 2414 876 2458 verum
899 2400 992 2474 loqui,
1016 2396 1071 2460 ubi
1092 2400 1145 2458 boc
1166 2393 1273 2461 refero
1294 2391 1331 2456 ad
1349 2403 1379 2448 et

235 2512 317 2574 quae
345 2498 439 2556 antea
470 2493 561 2572 dixit,
588 2521 632 2542 π
653 2491 722 2570 hoc,
745 2493 830 2573 quod
856 2494 949 2558 modo
978 2493 1055 2573 dini,
1085 2512 1136 2557 me
1163 2510 1274 2558 verum
1294 2482 1377 2566 loqui,

238 2597 339 2656 testes
354 2590 431 2654 mihi
455 2590 542 2668 estis,
568 2591 757 2656 dissentiens
779 2591 820 2655 ab
842 2590 960 2656 Haasio
983 2592 1023 2655 ad
1045 2591 1162 2670 Reisig.
1186 2591 1293 2655 adnot.
1317 2585 1377 2658 367,

238 2689 292 2768 qni
328 2689 404 2753 dicit
437 2707 496 2770 per
528 2692 582 2750 troc
612 2692 796 2768 sequentem
829 2690 1045 2754 accusativum
1081 2709 1106 2755 c.
1140 2687 1194 2752 inl.
1229 2678 1376 2768 explicari.

235 2787 322 2852 Trin.
351 2804 380 2852 v.
406 2791 484 2851 129:
512 2789 667 2848 Dedistine
691 2788 744 2848 boc
769 2787 849 2849 iacto
878 2790 908 2848 ei
933 2791 1061 2867 gladium
1084 2791 1135 2865 qui
1159 2807 1190 2848 se
1214 2775 1376 2850 occideret?

234 2901 263 2950 t.
289 2890 364 2950 783:
387 2888 453 2946 Hoc
476 2915 517 2928 --
541 2886 740 2958 Suspicionem
763 2886 798 2944 ab
822 2887 1013 2949 adulescente
1036 2888 1191 2948 amoveris.
1242 2877 1375 2947 Relatio

237 2982 452 3064 postpositum
475 2985 526 3046 est
546 2997 636 3061 pron.
660 2982 708 3040 bc'c
728 2979 824 3045 Poen.
848 2981 885 3061 V,
909 2989 938 3062 4,
964 2988 1018 3046 16:
1043 2985 1154 3058 Quibus
1170 3002 1263 3044 annos
1280 2980 1375 3042 multos

212 3083 332 3155 ''carui,
366 3100 495 3157 quasque
533 3098 548 3141 e
578 3082 677 3156 patria
703 3098 810 3155 parvas
838 3083 970 3156 perdidi,
1000 3083 1103 3143 Redde
1133 3083 1179 3142 bis
1207 3083 1374 3143 libertatem·

234 3177 364 3242 Terent.
389 3177 466 3242 Hec.
489 3177 516 3255 I,
540 3181 569 3256 2,
593 3181 627 3240 6:
648 3179 707 3238 Sed
726 3180 832 3240 videon
856 3197 910 3255 ego
929 3178 1103 3240 Philotium?
1134 3181 1219 3240 Unde
1242 3181 1313 3241 boae
1332 3169 1375 3233 ad·

231 3277 333 3341 venit?
376 3273 474 3339 Andr.
496 3273 522 3353 Ι,
548 3280 575 3353 1,
600 3279 655 3338 72:
679 3277 735 3336 bac
756 3275 835 3338 fama
856 3279 989 3353 inpulsus
1013 3278 1263 3360 ChremesUltro
1280 3275 1315 3337 ad
1335 3281 1373 3329 1110

234 3376 355 3438 advenit
375 3401 418 3434 .=
439 3369 523 3436 lama
544 3370 638 3436 huius
663 3371 720 3435 rei.

320 3475 367 3536 19.
390 3489 418 3536 a.
466 3471 560 3532 Gaaas
584 3473 768 3545 pronominis
795 3474 851 3535 iric.
896 3469 1004 3535 Genus
1032 3476 1180 3537 nentrum
1210 3470 1243 3534 in
1264 3456 1373 3550 plurali

230 3568 369 3648 positum
400 3567 621 3647 complectitur
648 3567 709 3632 dno
732 3568 933 3633 substantiva
958 3568 1077 3634 diversi
1106 3568 1233 3650 generis
1255 3559 1372 3631 Terent.

228 3665 311 3730 Eun.
343 3671 379 3745 3,
406 3667 442 3739 2,
472 3669 529 3727 27:
563 3670 661 3742 Atque
690 3668 762 3728 boec
789 3665 846 3746 (sc.
869 3664 1056 3731 Eunuchum
1086 3672 1119 3730 et
1148 3665 1304 3738 ancillam)
1330 3654 1372 3734 qui

229 3768 328 3829 misit.
358 3782 415 3825 non
445 3764 500 3824 sibi
523 3766 579 3824 soli
599 3765 731 3839 postulat
754 3767 794 3826 Te
817 3769 925 3840 virere,
949 3764 1034 3843 quod
1055 3764 1198 3828 Donatus
1220 3781 1279 3843 per
1300 3757 1372 3821 arto

229 3881 355 3924 monere
394 3856 538 3938 explicat.
590 3858 747 3924 Neutrum
779 3864 832 3922 boc
865 3862 1025 3926 interdurn
1056 3859 1218 3932 indefinite
1254 3855 1371 3941 ponitur

231 3959 432 4024 coniunctum
468 3973 538 4021 cum
575 3955 847 4038 impersonalibus.
893 3957 1185 4025 stepitusque.
1210 3957 1296 4038 1‚e‚
1323 3949 1369 4014 26³
1452 4035 1453 4038 Ἴ

227 4061 304 4122 Nam
334 4059 387 4118 boc
409 4056 525 4134 quidem
548 4057 653 4132 edepol
675 4059 733 4118 hau
755 4061 847 4120 multo
869 4067 938 4136 post
958 4063 1024 4121 luce
1049 4059 1166 4133 lacebit,
1205 4055 1246 4120 ad
1268 4073 1296 4136 q.
1313 4050 1331 4114 l.
1345 4058 1368 4104 V·
1452 4059 1453 4118 l

230 4154 417 4234 Gronovius.
463 4151 574 4232 Amph.
597 4153 623 4232 I,
648 4158 677 4233 3,
698 4159 756 4219 45:
779 4158 895 4218 lacescit
916 4160 1058 4232 bociam,
1081 4155 1170 4236 adq.
1193 4153 1213 4219 l.
1230 4155 1290 4218 vid.
1305 4145 1369 4215 Irin·

230 4254 311 4320 dem.
352 4250 417 4317 Mil.
439 4267 468 4314 v.
492 4255 567 4314 218:
591 4255 665 4316 lacet
678 4254 731 4314 boc
753 4255 881 4332 inquam,
903 4239 1367 4333 unimodum.:„1mpersomle
