3004 4764
402 259 426 297 v,
452 257 621 300 subitonus
634 257 809 318 ΙΝὩΕΕΙΙΙΙΤΑ
823 257 1048 300 studuissetis.
1234 265 1295 325 411

150 429 283 498 Vahlen.
310 429 451 500 Terent.
465 430 563 498 Andr.
589 429 615 513 l,
641 437 667 512 1,
695 437 750 502 ue:
785 435 870 510 Quod
893 434 1029 510 oleique
1052 450 1152 499 umus
1184 431 1299 496 iaciunt

153 532 385 606 adulescentuli,
421 529 512 609 adq.
535 529 556 595 l.
579 529 829 598 villesterbov.
873 529 937 596 Per
961 528 1178 611 pleonasmus
1207 545 1297 610 pron.

153 630 249 689 anuis
269 626 397 692 additur
419 632 493 690 totus
514 627 617 695 Plaut.
640 626 752 710 fragm.
774 646 807 709 p.
821 632 895 709 484,
917 644 946 694 v.
968 632 1004 693 2:
1026 629 1194 706 qusnnuit
1215 628 1297 690 odio·

152 745 203 788 sus
223 727 304 788 emus·
325 729 401 786 totae
422 724 563 790 familiae.

236 827 287 888 43.
332 824 423 886 vous
444 821 614 904 aliquoties
641 842 699 905 pro
726 828 820 888 omues
846 827 1035 906 usurpatur,
1066 822 1127 888 vid.
1155 819 1298 888 Lindem.

150 917 406 986 applausivis
430 918 473 996 ΙΙ,
497 925 526 1001 2,
551 926 605 987 59:
635 925 712 999 Quoi
738 926 801 986 bini
822 925 961 988 custodes
984 939 1101 1000 semper
1130 921 1196 984 totis
1218 922 1298 984 boris

149 1021 305 1082 uocabant.
348 1017 441 1082 Pron.
464 1021 543 1081 solus
565 1018 793 1102 significatione
815 1020 974 1086 interdum
1001 1022 1170 1100 cognatum
1198 1020 1249 1086 est
1269 1033 1299 1083 v.

147 1134 241 1188 uuus,
274 1132 346 1180 oum
374 1132 435 1195 quo
465 1115 667 1184 coniunctum
696 1118 814 1200 legitur
840 1118 968 1184 Terent.
995 1116 1110 1183 Heant
1134 1114 1161 1195 Ι,
1190 1119 1298 1196 1,77:

147 1216 239 1289 Hem,
269 1221 314 1276 tot
342 1231 409 1275 mea
429 1212 528 1276 Sabus
550 1219 672 1278 solliciti
694 1220 754 1280 sint
776 1237 879 1294 cause,
904 1225 938 1279 ut
958 1234 1005 1278 me
1027 1233 1119 1279 uuum
1140 1213 1299 1293 expleant?

146 1308 463 1376 Commemorandum
491 1316 542 1376 est
561 1317 730 1393 praeterea
758 1317 837 1378 solus
858 1313 1018 1379 interdum
1047 1312 1195 1394 coniungi
1226 1329 1298 1380 eum

146 1407 342 1489 superlativo
369 1413 426 1474 aut
447 1410 545 1475 verbo
570 1410 632 1475 vim
655 1410 842 1492 superlativi
863 1411 1014 1490 habente,
1045 1415 1080 1475 ut
1101 1409 1202 1475 Plaut.
1226 1407 1297 1476 Avrl.

146 1505 203 1586 IV,
226 1511 255 1585 8,
279 1510 313 1571 2:
340 1509 420 1570 Picis
443 1510 610 1586 divitiis-
625 1512 689 1587 Ε3ο
711 1513 790 1572 solus
812 1529 928 1588 supero,
953 1509 992 1574 de
1014 1524 1078 1589 qua
1098 1525 1134 1572 re
1153 1524 1181 1572 v.
1197 1505 1297 1572 Goell.

149 1603 190 1670 ud
213 1603 306 1670 Truc.
329 1603 385 1682 IV,
409 1609 439 1684 2,
464 1610 502 1668 15
526 1606 625 1682 (Solus
647 1625 787 1671 summam
810 1611 901 1670 habet
923 1610 971 1669 hic
994 1607 1072 1683 apud
1094 1605 1180 1682 nos):
1215 1604 1297 1686 „Ad-

149 1701 332 1780 notandum,
355 1702 543 1768 vocabulum
565 1707 653 1776 solus,
675 1710 712 1768 ut
733 1705 818 1786 apud
833 1705 973 1770 Graecos
996 1699 1044 1775 dc,
1066 1703 1152 1784 apud
1166 1702 1298 1768 Latinos

144 1819 224 1864 uuae
245 1801 410 1882 augendae
430 1801 462 1866 vi
475 1799 662 1881 superlativi
676 1800 838 1880 inservire,
859 1801 962 1868 solere
984 1801 1081 1866 etiam
1100 1799 1175 1866 addi
1195 1800 1300 1866 verbis

146 1898 332 1979 superlativi
354 1899 416 1963 vim
438 1897 638 1978 habentibus,
660 1905 697 1963 ut
719 1899 784 1962 Mil.
809 1899 852 1979 ll,
875 1906 905 1980 4,
929 1905 964 1965 3:
993 1901 1065 1960 mibi
1085 1901 1196 1962 solcest
1217 1901 1297 1976 qnod

147 1998 281 2074 superfit,
305 1993 396 2062 (iure.
417 1996 460 2077 11,
485 2003 512 2076 1,
536 2001 590 2062 33:
615 2000 688 2074 Vah,
710 1999 789 2060 scices
811 2002 860 2061 hic
883 2001 1000 2060 homost
1021 2000 1071 2074 qui
1093 2001 1170 2060 suist
1192 1999 1296 2062 divini·

144 2103 202 2171 tns,
224 2093 311 2160 Pers.
326 2094 362 2174 V,
386 2099 416 2165 2,
438 2099 474 2159 2:
498 2096 584 2159 Solus
606 2114 661 2174 ego
684 2099 818 2160 omnibus
840 2099 961 2161 entideo
983 2095 1081 2172 facile,
1104 2099 1296 2158 miserrumus

150 2195 299 2259 hominum
321 2199 354 2254 nt
375 2193 504 2258 vivum.“

234 2289 333 2367 Quasi
365 2291 562 2372 praeteriens
598 2309 809 2357 commemoro
846 2289 1066 2356 diminutivum
1101 2291 1298 2368 complusculi,

145 2385 232 2464 quod
257 2386 376 2467 legitur
398 2388 499 2453 Pleut.
523 2388 604 2453 Rud.
628 2386 653 2466 Ι,
679 2394 707 2467 2,
730 2393 772 2452 43
803 2391 835 2450 et
858 2386 984 2452 Terent.
1007 2388 1084 2453 Hac.
1107 2387 1133 2467 Ι,
1161 2392 1190 2467 2,
1222 2391 1296 2454 102;

146 2487 259 2559 primos
289 2487 352 2546 dies
378 2486 585 2560 complusculos
607 2488 687 2546 Bene
712 2485 907 2546 conveniebat
929 2503 999 2546 sune
1022 2488 1102 2548 inter
1123 2505 1187 2548 nos.

235 2585 285 2647 44.
329 2580 475 2658 Denique
497 2582 770 2647 commemoranda
792 2584 866 2646 sunt
892 2581 1078 2660 pronomina
1099 2582 1297 2650 demonstra·

149 2676 216 2745 tiva
238 2677 425 2758 quantitatis
448 2683 479 2742 et
503 2677 666 2758 qualitatis
689 2686 731 2742 tet
751 2685 850 2742 tactus
870 2680 948 2747 acts,
971 2679 1084 2759 quibus
1103 2679 1298 2761 respondent

148 2772 268 2841 formae
291 2775 444 2840 relativae
467 2776 597 2842 eaedem
626 2781 659 2842 et
680 2776 928 2856 interrogativae
949 2782 1020 2852 quot
1039 2783 1168 2854 qucutus
1189 2780 1295 2852 cuciis.

149 2873 277 2939 Terent.
300 2873 426 2938 Phorm.
448 2872 491 2953 ΙΙ,
513 2878 544 2953 4,
571 2882 622 2940 14;
645 2879 722 2955 Quot
743 2878 877 2938 homines
907 2880 949 2936 tot
974 2879 1149 2938 sententiae.
1192 2873 1296 2940 Plaut.

148 2970 244 3036 Poen.
260 2970 298 3050 V,
323 2976 350 3049 3,
373 2976 429 3036 48;
450 2975 586 3051 Quuutce
608 2993 624 3035 e
647 2975 800 3050 quantillis
822 2975 880 3034 iam
904 2980 974 3034 sunt
994 2973 1108 3036 fectae!
1152 2971 1297 3052 Tristi,

147 3075 179 3149 4,
206 3074 279 3135 129:
303 3071 412 3132 Tribus
434 3072 524 3132 mutis
545 3074 597 3134 ille
619 3076 714 3136 minus
736 3074 816 3134 redit
837 3089 923 3147 quam
946 3074 1107 3147 opseveris.
1151 3069 1297 3136 illustret

151 3167 212 3234 hoc
234 3167 385 3247 loquendi
407 3185 507 3248 genus
529 3169 641 3234 Douna
661 3168 708 3234 Pl.
733 3170 815 3250 cxpl.
838 3167 893 3246 IV,
916 3173 956 3234 23
979 3167 1126 3250 apposito
1148 3167 1296 3234 Bacchid.

17 3293 18 3296 ¹
148 3265 218 3332 loco
234 3266 290 3345 IV,
307 3270 336 3345 9,
354 3270 431 3330 lll:
461 3265 597 3330 Sescenta
618 3273 702 3330 uate
724 3271 856 3346 reddam,
881 3270 1002 3343 sivivo,
1032 3268 1096 3330 tibi.
1139 3265 1297 3332 Neutrum

149 3372 264 3430 tautam
286 3362 450 3431 collective
465 3364 657 3430 substantivi
671 3365 740 3430 vice
754 3364 900 3448 iungitur
919 3367 954 3430 et
972 3363 1135 3445 complura
1153 3364 1297 3430 eiusdem

148 3462 275 3546 generis
296 3462 329 3528 in
352 3477 445 3528 mam
465 3461 625 3528 notionem
654 3463 882 3545 complectitur.
928 3462 979 3528 Sic
1006 3461 1102 3528 Poen.
1123 3461 1185 3542 Ill,
1208 3466 1237 3544 3,
1261 3467 1295 3528 5:

149 3565 202 3628 scd
217 3563 286 3641 quid
301 3564 359 3624 buc
374 3566 488 3642 tautum
502 3561 653 3624 bornicum
665 3565 826 3626 incedunt?
859 3559 953 3642 Epid.
966 3559 1025 3640 III,
1046 3565 1078 3640 4,
1100 3563 1157 3624 81:
1180 3564 1296 3626 suamet

147 3665 274 3724 meum
297 3662 426 3724 Tectum
450 3660 672 3737 perdundumst.
716 3659 902 3728 Derivutum
924 3659 1185 3730 assummum,
1212 3659 1296 3740 quod

148 3757 266 3840 legitur
286 3757 381 3824 Poen.
405 3755 463 3836 ΙΙΙ,
487 3761 516 3835 3,
541 3759 599 3823 2οε
634 3760 715 3822 Malo
743 3759 920 3822 benefacere
945 3757 1154 3822 teutumdemst
1178 3761 1295 3835 pericu·

149 3856 222 3935 lem,
249 3860 399 3936 Quuutum
420 3863 496 3924 bono
519 3857 712 3934 malefacere,
740 3854 781 3920 ud
804 3871 832 3935 q.
854 3853 874 3920 l.
897 3853 1051 3920 Gronau:
1084 3857 1297 3925 ‚demadem

148 3949 232 4016 idem
253 3954 367 4036 ipsum,
389 3955 571 4032 similitudo,
593 3951 697 4036 figura
718 3953 860 4020 eiusdem
882 3952 940 4032 rei,
961 3951 1002 4016 de
1017 3967 1083 4034 que
1097 3952 1214 4034 egitur.
1246 3952 1298 4018 lta

149 4046 267 4129 Papius
289 4053 321 4118 in
343 4053 487 4135 glossis.“
530 4052 594 4118 Pro
615 4058 658 4114 tot
680 4050 807 4118 videtur
829 4056 929 4116 uuae
950 4049 1088 4131 positum
1108 4067 1182 4116 esse
1204 4049 1297 4132 Epid.

149 4144 207 4224 ΙΙΙ,
230 4153 260 4228 4,
282 4155 337 4216 80:
371 4156 421 4230 qui
443 4156 472 4216 in
495 4153 584 4214 uuus
605 4153 720 4228 positus
743 4169 807 4214 sum
828 4148 1003 4214 semunciis?
1045 4151 1130 4214 Talis
1155 4166 1299 4217 nonnun-

149 4261 243 4326 quam
272 4247 500 4329 significatione
525 4265 588 4314 non
616 4247 749 4314 multum
782 4245 890 4314 differt
923 4251 1069 4312 sicutte
1104 4245 1225 4324 (Bromi
1256 4246 1300 4314 ad
