3058 4766
199 227 260 285 114
640 211 795 252 SUBSTANT.
816 211 877 251 ΟΑΡ.
894 211 937 252 111.

196 391 358 467 medicum,
384 389 451 448 dum
478 405 510 449 se
534 405 571 446 ex
593 405 683 463 opere
711 387 848 460 recipiat.
886 380 978 461 Epid.
1001 377 1061 457 III,
1091 383 1120 456 5,
1150 381 1207 440 32:
1238 379 1352 452 mois

196 487 395 548 memorandis
420 485 492 544 meta
514 486 713 545 Erudicabam
743 485 891 544 bominum
923 481 1018 550 auris,
1056 473 1140 554 quod
1168 472 1353 538 Perizonius

197 583 246 648 ad·
269 582 375 648 Sauct.
397 579 532 644 Minerv.
555 597 585 660 p.
613 585 671 644 143
702 577 840 658 explicat
862 594 932 655 per:
968 577 1035 636 dum
1063 574 1266 648 eradicabam,
1296 568 1354 631 sed

197 679 292 744 simul
314 677 410 741 etiam
433 676 678 742 instrumentum
700 675 792 755 quasi
813 673 982 737 indicatur.
1021 670 1108 733 Pers.
1132 668 1158 747 I,
1186 673 1210 745 1,
1236 671 1270 730 5:
1307 671 1355 727 lta

196 778 236 838 fio
259 780 350 837 miser
372 775 544 849 quaerundo
566 780 688 850 arpenta
708 779 819 842 mutuo,
841 769 896 850 qui
918 768 979 833 abl.
1001 768 1079 832 item
1101 763 1354 828 instrumentalis

198 890 270 938 esse
293 876 410 951 potest.
434 867 548 935 Caecil.
565 870 645 958 Stat
661 869 805 933 Plocium
819 867 857 931 ir.
875 871 904 945 9,
920 885 949 930 v.
968 870 1042 929 175:
1066 865 1151 939 Quod
1167 865 1217 925 diu
1231 862 1354 923 oiooodo

196 974 292 1032 multa
320 988 378 1045 qua
405 987 464 1030 non
487 971 550 1030 volt
579 971 670 1043 videt,
693 966 748 1045 qui
770 966 847 1029 item
869 960 1121 1027 instrumentalis
1144 977 1216 1023 esee
1238 959 1353 1037 potest.

197 1066 324 1131 Terent.
349 1063 447 1128 Andr.
470 1063 509 1142 V,
531 1069 561 1138 4,
586 1068 641 1128 35:
668 1063 805 1124 mirando
834 1065 888 1122 boo
909 1066 991 1122 tuoto
1013 1069 1073 1122 tam
1095 1059 1249 1132 repentino
1272 1058 1354 1132 burm,

198 1162 284 1242 quod
299 1161 446 1225 Donatus
468 1161 514 1224 ita
529 1159 675 1240 explieat,
698 1166 734 1224 ut
750 1161 824 1223 dum
840 1159 938 1222 miror
953 1153 1119 1238 significet,
1142 1153 1179 1218 cf.
1195 1153 1355 1216 Weissen-

196 1259 287 1324 born.
311 1258 351 1322 de
375 1257 528 1337 gerundio
552 1260 585 1320 et
606 1256 781 1336 gerundivo
802 1275 834 1337 p.
857 1263 908 1322 40.

283 1360 332 1420 29.
377 1357 561 1429 Praeposito
586 1357 626 1416 to
653 1373 718 1417 eam
748 1357 886 1430 teosporta
912 1353 1081 1413 notionibus
1106 1351 1217 1410 taneto.
1262 1343 1356 1422 Quod

198 1453 368 1518 discrimen
390 1451 569 1516 intercedat
596 1452 682 1517 inter
704 1453 806 1516 solum
832 1449 1007 1515 ablativum
1037 1445 1190 1524 temporis
1214 1449 1248 1506 et
1272 1459 1354 1518 eum,

197 1549 252 1628 qui
280 1565 352 1612 cum
378 1548 616 1629 praepositione
647 1550 896 1614 recontractus
932 1549 995 1622 est,
1032 1542 1152 1623 optime
1186 1537 1356 1619 explicavit

197 1645 399 1712 Schaetlerus
422 1645 455 1708 in
477 1645 558 1709 libro
578 1645 617 1710 de
640 1664 701 1710 usu
723 1662 831 1724 praep.
855 1644 982 1709 Terent.
1007 1659 1036 1719 p.
1062 1645 1117 1718 34,
1144 1639 1235 1701 cuius
1258 1634 1356 1699 verba

198 1742 388 1806 armcribam.
411 1740 620 1819 Describitur,
642 1742 756 1821 inquit,
779 1740 1062 1820 praepositionem
1077 1753 1104 1799 c.
1119 1735 1182 1799 abl.
1200 1733 1356 1812 temporis

200 1837 351 1918 spatium,
375 1839 464 1901 cuius
487 1840 571 1903 aetio
599 1839 706 1919 aliqua
728 1839 872 1902 obtineat
893 1840 1018 1916 partem
1041 1834 1194 1897 maiorem
1216 1838 1274 1894 aut
1296 1829 1354 1891 mi·

200 1951 325 2011 norem,
361 1935 456 2000 modo
484 1953 524 1998 ne
551 1952 644 1999 omne
674 1935 811 2015 spatium
845 1935 973 2015 expleat
1001 1933 1200 2010 (continuum
1227 1925 1357 2006 aliquod

197 2031 352 2110 temporis
380 2032 535 2112 spatium,
572 2039 609 2096 ut
635 2033 712 2098 dicit
737 2034 977 2111 Kampmannus
1006 2030 1046 2094 de
1076 2033 1119 2090 IN
1148 2047 1178 2108 p.
1205 2031 1259 2103 19,
1293 2042 1357 2106 quo

199 2127 320 2208 aliquid
345 2128 479 2208 agitur).
501 2129 540 2192 In
562 2128 770 2195 describendo
792 2135 937 2208 tempore
949 2126 1083 2193 Romani
1105 2125 1186 2190 hane
1207 2123 1357 2187 videntur

197 2224 300 2289 secuti
323 2243 395 2290 esse
419 2225 538 2306 legem:
562 2226 646 2291 nudo
670 2226 808 2292 ablativo
831 2225 1021 2304 utebantur,
1049 2223 1104 2288 ubi
1126 2241 1188 2302 quo
1211 2227 1357 2300 tempore

195 2322 316 2401 aliquid
338 2321 458 2387 lactum
482 2330 567 2388 esset
589 2325 685 2390 certis
712 2323 856 2388 formulis
878 2320 1092 2403 significarent
1119 2336 1222 2400 neque
1254 2316 1356 2396 respi-

196 2425 322 2498 cerent,
356 2422 512 2486 actionem
539 2420 623 2485 intra
649 2422 804 2501 temporis
832 2420 966 2484 alieuius
991 2418 1241 2501 perpetuitatem
1268 2412 1356 2488 fieri3

196 2514 335 2580 ablativo
350 2517 512 2583 addebant
523 2521 793 2599 praepositionem
804 2522 846 2597 a'o,
869 2518 926 2583 ubi
940 2522 997 2580 aut
1011 2515 1166 2582 vocabulo
1182 2515 1357 2579 utebantur

195 2611 237 2678 ad
259 2612 501 2693 significandum
523 2625 658 2696 tempus,
682 2616 766 2697 quod
793 2617 826 2680 in
848 2613 1005 2680 formulae
1027 2631 1121 2678 usum
1148 2629 1212 2677 non
1234 2611 1357 2676 abisset

196 2709 217 2773 i.
240 2727 267 2775 e.
295 2717 419 2776 certum
449 2712 607 2791 quoddam
635 2717 763 2794 tempus
799 2731 858 2794 per
890 2729 926 2778 se
954 2729 1018 2776 non
1050 2708 1260 2792 significaret,
1298 2712 1356 2771 aut

195 2807 438 2872 continuitatem
461 2811 613 2890 temporis
640 2810 864 2890 respiciebant.
908 2809 961 2874 Ita
981 2808 1102 2874 iactum
1126 2812 1190 2886 est,
1217 2809 1255 2869 ut
1277 2805 1352 2869 sub

195 2904 350 2982 stautiva,
384 2922 467 2985 quae
499 2907 585 2971 nudo
612 2906 752 2973 ablativo
786 2906 875 2970 indui
901 2906 1042 2986 soleant,
1082 2905 1264 2984 ubieunque
1290 2900 1355 2966 tor·

196 2999 303 3065 mulae
319 3002 474 3067 rationem
498 3004 672 3069 abiecerint
693 3009 727 3070 et
741 3022 805 3069 uon
824 3009 890 3068 tam
906 3009 1030 3069 certum
1045 3001 1205 3084 quoddam
1217 3006 1354 3080 tempus,

194 3113 290 3176 quam
313 3099 522 3165 conditionem
550 3101 704 3182 temporis
727 3097 922 3181 significent,
950 3099 1221 3181 praepositionem
1248 3097 1354 3178 requi·

194 3198 281 3272 rant,
317 3200 355 3258 ut
383 3215 416 3258 oo
444 3203 572 3273 reamare
599 3203 650 3280 (qu
675 3194 754 3278 ieret
784 3195 880 3278 Brit),
913 3202 947 3260 io
976 3218 1008 3260 eo
1036 3205 1162 3274 napae
1199 3193 1243 3273 (iu
1268 3193 1354 3275 ienae

193 3285 470 3372 geitumitt'ubeu),
491 3295 597 3360 omnia
619 3295 755 3376 donique
778 3294 934 3361 voeabula
955 3299 989 3359 et
1010 3314 1049 3360 ea
1071 3312 1152 3374 quae
1176 3298 1252 3358 sunt
1273 3297 1353 3356 tem·

193 3386 281 3466 poris
313 3386 469 3455 formulae
502 3397 535 3454 et
563 3409 645 3472 quae
678 3410 742 3457 non
771 3397 846 3457 sunt
879 3391 1046 3471 requirant
1075 3391 1353 3471 praepositionem,

195 3481 377 3563 ubicunque
400 3485 615 3569 significatur,
643 3507 706 3570 quo
726 3497 871 3570 tempore
892 3487 1071 3570 profluente
1092 3487 1212 3567 aliquid
1233 3486 1353 3552 laetum

194 3579 246 3644 sit.
288 3581 378 3646 Haec
413 3583 567 3650 haetenus
603 3587 813 3654 Sohaefferus.
858 3587 908 3652 Ad
945 3586 1092 3651 ultimum
1120 3602 1229 3661 usum,
1258 3599 1353 3665 quem

69 3709 71 3714 ·
194 3681 454 3746 commemoravit
475 3681 687 3763 Sebaefferus,
714 3687 879 3766 pertinent
900 3683 1050 3766 loquendi
1067 3681 1205 3748 formula
1225 3684 1260 3742 ia
1281 3688 1352 3742 tea

188 3790 277 3848 pore,
305 3775 336 3838 h.
362 3793 390 3840 e.
413 3778 498 3843 iusto
522 3786 556 3844 et
576 3781 691 3847 idoneo
712 3790 867 3863 tempore,
889 3782 1082 3862 quambene
1103 3780 1255 3861 explicat:
1275 3778 1352 3842 dum

115 3897 121 3906 =
192 3877 332 3952 tempus,
355 3890 418 3952 quo
439 3875 515 3955 quid
536 3874 606 3942 fieri
620 3884 777 3960 oporteat,
799 3879 870 3945 fluit
884 3897 943 3944 nec
964 3879 1028 3944 iam
1042 3877 1220 3959 praeteriit,
1237 3874 1351 3940 deiude

192 3983 270 4077 118111
292 3987 402 4051 praep.
417 3975 452 4032 io
470 3974 689 4042 numeralibus
710 3975 871 4042 adverbiis
887 3975 1161 4055 praecedentibus,
1183 3991 1246 4055 quo
1261 3977 1351 4038 certo

194 4063 303 4143 ahquo
324 4067 410 4152 illius
433 4071 529 4150 spatii
549 4079 667 4150 puncto
689 4073 810 4152 aliquid
830 4071 901 4138 fieri
922 4073 1091 4151 indicatur,
1114 4076 1150 4136 ut
1168 4075 1257 4136 reete
1272 4068 1351 4135 dicit

192 4159 433 4242 Kampmannus
448 4166 468 4231 l.
481 4185 506 4232 e.
524 4167 604 4234 Cato
615 4171 652 4236 ll.
668 4171 705 4236 R.
718 4189 745 4236 o.
762 4176 821 4236 157
830 4190 838 4235 ε
855 4172 900 4232 bis
913 4173 948 4232 to
961 4169 1084 4249 diased
1094 4170 1128 4234 in
1138 4187 1225 4250 seqq.
1237 4168 1350 4234 eodem
1425 4255 1429 4262 ⁸
