3040 4758
411 263 499 304 OASUS
514 261 783 304 suassasstvonml.
797 281 821 292 -
837 261 976 302 somnos.
1250 271 1290 326 29

131 454 194 501 non
219 436 374 517 congruit
397 453 467 501 oum
492 435 645 502 subiectis
665 438 752 509 servi,
775 439 912 510 ancillae,
935 449 1017 517 quae
1037 435 1128 500 initio
1144 433 1294 499 enuncia·

130 533 229 598 tionis
255 539 334 598 sunt
355 534 475 614 posita,
513 535 569 600 sed
591 531 771 598 enuntiatio
798 533 988 613 interposita
1019 538 1069 598 est
1091 531 1291 596 secundaria:

130 633 156 694 si
178 634 249 706 quis
274 650 386 708 eorum,
411 638 445 696 et
464 631 528 695 iam
543 629 676 696 verbum
697 647 823 710 quoque
842 629 1041 710 potissimum
1063 629 1292 694 enuntiationis

129 729 204 790 tacit
230 730 384 808 congruit
406 747 477 794 cum
506 727 657 808 partitivo
685 727 739 790 illo
764 732 843 805 quis,
877 727 923 791 ita
951 731 989 789 ut
1015 726 1057 790 sit
1083 725 1294 791 anacoluthon

130 828 163 888 et
177 825 372 889 nominativi
386 826 432 889 illi
449 830 536 901 servi,
561 829 688 888 ancillae
704 824 780 890 facti
797 825 861 889 sint
875 823 1021 890 absolute
1037 823 1142 903 positi.
1167 817 1294 884 Ἀνακο-

130 915 258 994 λούθως
279 923 356 986 item
380 924 447 988 sive
470 922 625 1004 elliptiee,
663 929 750 988 certe
778 928 886 987 autem
914 921 1115 1002 negligenter
1140 921 1294 1000 scriptum

56 1083 60 1090 ,
131 1024 182 1083 est
204 1020 250 1084 ab
274 1020 384 1084 eodem
408 1019 530 1085 Catone
556 1020 596 1084 de
623 1038 659 1085 re
688 1018 821 1084 militari
849 1019 949 1096 (Lion.
973 1018 1082 1084 Geton.
1111 1037 1141 1100 p.
1167 1021 1221 1094 43)
1245 1034 1294 1096 ap.

129 1114 211 1182 Plin.
238 1116 314 1182 hist
337 1124 401 1182 nat.
426 1116 525 1198 praef.
549 1116 609 1181 sub
632 1114 699 1182 fin:
738 1121 806 1180 Scio
830 1138 898 1194 ego,
922 1136 997 1194 quae
1021 1121 1134 1193 scripta
1158 1123 1238 1190 sunt,
1270 1116 1296 1176 si

132 1317 184 1388 qui
208 1331 300 1376 verae
325 1316 421 1374 laudis
449 1321 590 1390 expertes
613 1321 699 1388 sunt,
733 1312 773 1376 ad
802 1329 831 1391 q.
860 1313 879 1376 l.
903 1311 1044 1378 Bolhuis.
1074 1310 1166 1375 diatr.
1195 1309 1241 1374 lit.
1264 1307 1297 1370 in

133 1407 204 1473 Oet.
230 1427 292 1474 scr.
315 1409 394 1475 haee
416 1409 528 1475 habet:
564 1409 731 1489 „Abrupta
753 1410 870 1489 oratio,
905 1428 975 1474 oum
997 1408 1220 1488 grammatices
1245 1407 1318 1470 re·‘

133 1507 233 1586 gulae
256 1512 392 1588 poseant
415 1509 498 1570 eos.“
534 1507 643 1571 Mente
666 1507 783 1571 addere
806 1507 910 1586 possis
932 1509 1006 1587 post
1026 1508 1070 1566 ti:
1094 1509 1150 1566 hoc
1173 1505 1295 1578 faciunt,

134 1607 167 1667 et
191 1603 254 1668 hoc
282 1609 360 1683 puto
389 1604 484 1668 etiam
514 1604 618 1670 animo
647 1603 811 1684 scriptoris
839 1605 1043 1669 obversatum
1074 1619 1153 1666 esse.
1200 1601 1296 1665 Acce-

135 1701 251 1767 damus
275 1702 317 1766 ad
338 1701 497 1766 Plautum.
542 1701 658 1766 Pseud.
681 1701 707 1782 1,
735 1706 761 1780 1,
783 1705 822 1766 62
847 1719 929 1782 eqo:

306 1821 392 1880 Nune
414 1818 510 1878 nostri
532 1835 646 1879 mauros
668 1837 762 1880 mores
784 1819 1004 1880 coasucadioes

303 1917 393 1978 Iocus
415 1915 503 1976 iudas
524 1933 618 1976 sermo
638 1918 740 1978 suauis
761 1919 897 1984 sociatio,
940 1967 943 1972 .

310 2013 536 2088 Conpressioaes
559 2019 643 2074 artae
665 2023 814 2073 amantum
838 2031 1009 2088 comparum,

309 2113 491 2187 Papillarum
515 2113 734 2172 horridularum
759 2111 1033 2185 oppressicacalae:

311 2209 434 2270 Harum
456 2207 533 2271 mihi
555 2209 738 2281 voluptatum
760 2209 890 2268 omnium
911 2240 954 2249 —

309 2308 476 2368 Distractio
499 2307 588 2366 venit.
804 2299 826 2335 ⁴

140 2419 224 2485 Men.
251 2419 333 2501 prol.
357 2439 385 2484 v.
411 2425 450 2483 57
475 2433 556 2500 squ:

312 2531 556 2605 Epidamniensis
577 2532 636 2601 ilie,
658 2551 743 2607 quem
768 2533 875 2593 dudum
900 2533 1042 2604 dixeram,

311 2630 467 2689 Geminum
490 2631 573 2689 illum
594 2647 718 2704 puerum
742 2633 792 2705 qui
815 2633 967 2705 surrupuit
990 2631 1126 2699 alterum,

312 2727 356 2786 Ei
378 2728 549 2800 liberorum,
574 2729 631 2786 uisi
655 2727 785 2800 divitiae,
809 2729 850 2785 nil
875 2732 955 2785 erat:

308 2822 442 2896 Adoptat
462 2825 546 2883 illum
568 2842 693 2898 puerum
717 2825 938 2897 surrupticium.

144 2935 182 3002 H.
206 2936 226 3001 l.
251 2941 375 3015 tamen,
407 2940 444 2998 ut
471 2937 565 3000 docet
591 2935 778 3015 Lambinus,
812 2956 875 3001 non
906 2954 986 3015 opus
1014 2943 1065 2998 est
1092 2929 1304 2997 anacoluthon

148 3034 213 3098 sive
237 3033 467 3097 nominativum
488 3032 670 3097 absolutum
691 3036 842 3113 statuere,
866 3038 974 3115 potest
994 3031 1075 3094 enim
1091 3027 1304 3093 nominativus

146 3130 198 3195 ille
221 3136 383 3212 tamquam
407 3129 586 3194 subiectum
608 3129 722 3196 referri
743 3132 784 3195 ed
808 3134 941 3208 adoptat,
965 3130 1011 3194 ita
1033 3133 1070 3190 ut
1091 3126 1185 3190 haec:
1217 3129 1246 3187 ei
1267 3128 1302 3186 li-

145 3232 285 3292 berorum
310 3263 347 3273 -
372 3231 415 3288 nil
437 3236 504 3289 erat
524 3228 730 3307 parenthesin
755 3226 901 3294 efficiant.
945 3226 1050 3291 Locus
1072 3224 1168 3288 Poeu.
1191 3221 1246 3302 IV,
1275 3227 1304 3303 2,

150 3331 189 3391 79
214 3343 293 3406 sqq.‚
317 3325 371 3404 qui
393 3324 489 3406 vulgo
513 3325 559 3389 sic
582 3324 747 3389 scribitur:

744 3473 781 3484 —
807 3459 876 3502 erus
899 3458 982 3500 meus
1005 3441 1216 3514 Agorastocles

190 3541 304 3601 ibidem
326 3546 444 3615 gnatus,
468 3539 537 3599 inda
561 3546 717 3615 surruptas
737 3537 801 3598 iere
826 3540 972 3611 sexennis,
993 3538 1104 3613 postibi

194 3639 343 3712 Quicum
366 3639 533 3712 surrupuit,
557 3637 614 3697 huo
638 3638 756 3698 devexit
778 3654 902 3711 meoque
929 3653 981 3696 ero
1004 3652 1070 3695 eum
1093 3636 1142 3693 hic
1164 3633 1305 3705 vendidit,

152 3767 215 3814 non
237 3750 378 3830 pertinet
399 3749 476 3830 huc,
511 3766 584 3813 nam
605 3749 650 3814 ibi
672 3749 808 3814 Bothius
830 3747 980 3813 facillima
1008 3753 1042 3810 et
1064 3746 1184 3826 optima
1205 3751 1309 3809 muta·

153 3847 240 3910 tione
263 3864 322 3926 pro
347 3855 453 3924 gnatus
477 3847 606 3928 scripsit
627 3856 757 3924 gnatust,
781 3865 820 3910 cx
842 3846 920 3926 Pal,
943 3845 997 3924 qui
1020 3854 1125 3922 gnatus
1149 3850 1185 3905 st.
1219 3842 1309 3905 Duos

21 3963 29 3980 ·
152 3940 238 4008 locos
262 3942 325 4009 huc
352 3944 551 4025 pertinentes
582 3943 692 4008 attulit
721 3942 908 4024 Bernhardy
938 3946 1019 4022 synt.
1051 3941 1163 4005 Graec.
1195 3957 1224 4020 p.
1257 3941 1308 4017 68,

153 4039 258 4106 adnot.
287 4047 356 4122 112,
378 4041 494 4106 Bacch.
517 4041 543 4121 1,
570 4048 596 4120 l,
623 4045 679 4106 55:

815 4140 890 4213 Quia
912 4141 989 4199 istoc
1008 4137 1236 4198 inlecebrosius‘

195 4237 279 4297 Fieri
300 4239 344 4297 nil
365 4244 482 4314 potest,
505 4253 565 4298 aaa
586 4237 694 4299 mulier
716 4237 819 4298 vinam
841 4237 953 4296 homini
975 4235 1210 4294 adulescentulo.
