3004 4764
345 288 364 328 1.
391 285 559 328 Puouorllrts
575 283 765 334 PERSOMHA,
779 283 960 336 Pomflflm,
974 285 1149 328 RBHAEKIVA.
1268 293 1332 355 ΒΜ

161 459 297 523 *tow
338 460 432 542 uoti.
455 459 510 540 rt,
535 465 568 538 1,
592 463 625 525 ιι
652 461 800 522 Pervelim
821 461 990 523 mercedem
1017 461 1089 522 dore
1112 459 1169 538 (so.
1193 461 1254 534 oi),
1282 465 1332 539 oni

160 566 322 622 monstret
344 576 411 620 eum
433 562 473 620 ml
495 561 652 621 hominem.
697 555 812 636 Amph.
835 555 860 634 Ι,
886 561 914 634 1,
937 559 1014 622 261:
1036 557 1093 618 Hlo
1108 559 1226 634 quiden
1244 569 1331 624 terte

162 673 250 733 unse
271 658 410 718 illisnnt
432 673 481 718 ros
501 663 602 732 gestes
631 665 777 716 memoret
802 659 983 717 memoriter.
1027 653 1119 734 Epid.
1147 652 1202 732 IV,
1227 661 1255 734 l,
1279 661 1332 722 ll:

172 755 298 815 Noscito
321 771 375 829 ego
399 755 490 814 hono:
517 771 583 814 nom
612 755 715 815 uideor
743 756 845 814 neseio
876 755 926 814 ulli
954 753 1065 814 vidisse
1093 769 1141 814 me
1163 758 1261 830 prius,
1287 765 1330 817 st.

173 867 247 912 eom.
293 848 338 914 ΙΙ).
369 848 418 929 V,
450 856 484 926 5,
514 854 570 914 52:
609 854 667 911 Ain
696 859 727 912 ιι
760 857 790 912 ιι
818 853 899 912 illins
927 851 1076 912 inuenisse
1106 851 1217 912 ullane
1267 848 1330 916 ΕΡ.

172 949 278 1010 Inueni
300 955 332 1007 et
354 949 463 1010 domist
485 946 536 1022 (el.
560 945 662 1012 Rudd.
691 965 722 1027 p.
747 949 797 1024 27,
820 945 927 1010 adnot.
951 943 1016 1026 58).
1062 944 1138 1012 cist.
1162 946 1192 1027 I,
1216 951 1251 1026 3,
1276 949 1331 1012 36:

176 1048 261 1121 sique
284 1052 374 1120 quest
395 1047 542 1121 Reperire
565 1046 620 1121 (so.
637 1046 719 1120 eam)
743 1063 818 1121 quse
842 1045 1006 1107 sustulerit.
1051 1043 1166 1109 Pseud.
1190 1043 1228 1123 V,
1257 1049 1329 1110 too:

172 1143 238 1202 Hno
271 1143 411 1204 adhibete
435 1145 515 1204 suris
539 1161 615 1220 quse
642 1161 697 1218 ego
724 1147 839 1219 loquer.
883 1139 973 1206 Cure.
999 1141 1028 1222 Ι,
1054 1146 1085 1220 i,
1114 1147 1169 1206 ὅδε
1198 1143 1224 1203 Ε
1251 1161 1327 1204 ιιιι

173 1242 332 1300 nuculeum
360 1241 410 1315 qni
439 1257 506 1300 esse
533 1243 611 1315 uolt,
640 1239 751 1316 irengit
778 1257 894 1301 nutem.
936 1238 1018 1304 Rud.
1044 1239 1092 1318 ΙΙ,
1126 1243 1160 1318 3,
1192 1244 1241 1304 51.
1274 1245 1332 1312 33:

172 1339 261 1397 etium
284 1338 337 1410 pro·
357 1339 381 1396 it
404 1341 533 1399 leuatum
568 1339 601 1397 In
623 1339 768 1412 beliuees,
792 1354 879 1414 quom
898 1339 942 1398 ibi
961 1339 1065 1400 sedulo
1081 1355 1134 1399 ιιι
1153 1341 1330 1401 vestimento

171 1442 284 1507 servet,
307 1435 381 1494 Tam
403 1436 628 1509 emorientur.
672 1432 738 1498 Mil.
763 1432 810 1513 II,
835 1437 869 1512 2,
893 1437 949 1498 79:
971 1437 1012 1496 At
1034 1442 1066 1495 tu
1088 1437 1209 1512 inpertl,
1225 1438 1330 1512 omits,

170 1549 216 1592 rue
243 1532 299 1607 (so.
324 1531 373 1606 eo)
398 1533 477 1607 qnod
500 1531 692 1596 conmeutu’s.
737 1531 825 1595 hein.
854 1530 879 1610 l,
903 1536 932 1610 3,
956 1535 1013 1595 65:
1043 1533 1207 1594 Necessest
1228 1533 1329 1595 isoere

170 1637 318 1705 sumptum
341 1631 391 1705 qui
415 1631 533 1705 quaerit
554 1632 678 1690 luorum.
724 1625 800 1708 Cep.
825 1627 868 1705 ΙΙ,
892 1633 920 1707 2,
937 1632 992 1693 63:
1015 1632 1073 1691 Est
1094 1629 1231 1705 prolooto
1255 1632 1329 1693 dens

169 1729 219 1804 qui
241 1744 317 1801 potae
339 1745 393 1788 nos
416 1729 545 1802 gerimus
568 1727 707 1801 auditque
731 1734 762 1788 et
784 1729 872 1789 uidet.
916 1723 998 1790 Rud.
1021 1725 1064 1803 ΙΙ,
1082 1732 1111 1805 3,
1136 1732 1192 1791 53:
1218 1732 1327 1805 quippe

170 1827 221 1899 qui
244 1841 331 1900 quern
353 1819 473 1885 illoru'm
496 1831 637 1900 opservot
658 1824 754 1886 falsus
777 1832 824 1885 est
839 1825 894 1899 (sc.
917 1826 954 1885 de
977 1820 1040 1900 eo).
1092 1822 1218 1888 Terent.
1246 1824 1328 1889 Eun.

168 1920 226 1999 ΙΙΙ,
252 1925 283 1999 1,
309 1924 348 1986 59
371 1937 418 2000 sq.
441 1919 500 1985 hd.
524 1919 573 1999 ΙΙ,
599 1925 626 1998 l,
645 1925 705 1986 43:
732 1923 864 1982 Minume
892 1925 985 1982 miror
1014 1922 1092 1995 (eos)
1124 1924 1174 1998 qui
1196 1925 1327 1984 insanire

167 2021 321 2096 occipiunt
359 2038 394 2081 ex
427 2022 545 2080 iniuria.
598 2019 694 2083 Andr.
729 2017 761 2096 Ι,
795 2022 826 2097 1,
860 2022 935 2082 113:
969 2019 1051 2092 Quso
1078 2037 1145 2082 sese
1171 2022 1201 2080 in
1228 2023 1328 2096 ignom

168 2119 281 2180 inicere
305 2119 407 2192 voluit,
430 2119 579 2194 prohibui.
593 2161 596 2170 .
610 2115 737 2180 Phorm.
752 2113 792 2193 V,
808 2119 838 2195 8,
862 2119 917 2192 54,
941 2114 996 2180 nbi
1018 2121 1125 2182 mente
1147 2115 1327 2184 addendum

168 2218 217 2280 est
239 2233 281 2276 eo.

255 2316 303 2374 12.
348 2313 542 2373 Pisonosmoo
564 2309 758 2389 pronominis
779 2315 807 2373 is
834 2310 951 2390 duplex
973 2311 1141 2391 invenitur,
1164 2313 1221 2376 eut
1242 2309 1270 2375 si
1290 2310 1324 2376 id

169 2407 348 2488 pronomini
370 2406 622 2471 demonstrativo
644 2405 788 2486 additur,
811 2411 869 2472 snt
890 2406 918 2471 si
939 2424 998 2487 per
1019 2407 1245 2474 abunduntiam
1268 2425 1328 2487 per

171 2497 360 2583 ἐπανάληψιι
382 2504 473 2583 quasi
495 2509 569 2583 post
593 2503 764 2583 notionem,
787 2503 933 2584 inprimis
948 2503 1181 2569 substantivum
1198 2504 1328 2586 ponitur

170 2600 211 2663 sd
232 2600 311 2664 illud
333 2600 435 2680 magis
463 2600 555 2681 quasi
581 2601 686 2665 animo
712 2601 843 2668 lectoris
870 2602 974 2666 denno
1003 2600 1231 2666 inculcandum.
1276 2600 1327 2666 hel

169 2697 258 2778 prius
280 2715 382 2778 genus
406 2697 484 2764 hoec
506 2703 655 2780 spectent
674 2699 827 2779 exemplo.
873 2697 952 2764 Coto
984 2703 1065 2763 oret.
1089 2715 1147 2778 pro
1169 2699 1205 2763 L.
1228 2698 1326 2764 Turio

170 2798 281 2860 contra
302 2794 358 2860 Cn.
382 2795 518 2861 Gellium
544 2813 596 2876 op.
621 2796 702 2862 Geli.
717 2796 805 2876 XIV,
829 2801 858 2861 2:
880 2799 938 2867 tut,
953 2799 1031 2860 unde
1047 2800 1168 2874 petitur,
1185 2800 1327 2874 eipotitts

170 2895 350 2956 eredendum
374 2911 449 2957 esse.
472 2893 576 2963 Plaut.
600 2894 696 2960 Poen.
718 2894 797 2976 prol.
813 2913 842 2960 ι.
869 2901 928 2962 119
945 2912 1005 2976 sq.:
1020 2895 1088 2974 Ille,
1111 2897 1328 2972 qoiudoptsuit

170 2993 248 3052 huno
270 2993 327 3053 sibi
348 3011 403 3068 pro
426 2994 499 3072 filio,
520 2997 557 3056 Is
578 2997 623 3056 lili
644 2997 745 3056 Poeno
768 2996 890 3055 huiusce
912 2997 993 3070 patri
1016 2995 1125 3069 hospes
1146 2993 1210 3056 luit.
1240 2991 1326 3056 Meu.

169 3087 224 3168 IV,
249 3093 277 3168 3,
300 3095 337 3153 4:
358 3093 450 3152 Immo
474 3094 581 3168 edepol
603 3095 714 3167 pellem
736 3093 830 3170 illoto,
854 3093 959 3152 smobo
981 3099 1021 3166 te,
1045 3108 1132 3167 quom
1146 3093 1202 3152 tihi
1217 3092 1326 3154 dudum

170 3188 247 3262 dodi,
270 3189 347 3248 Mihi
365 3205 431 3249 eom
452 3191 554 3251 redde.
600 3187 672 3253 Aul.
696 3187 775 3268 proh
796 3203 824 3252 v.
849 3192 906 3252 34:
929 3191 971 3250 ut
993 3190 1041 3248 itio
1062 3190 1112 3265 qui
1132 3197 1239 3265 postet
1261 3202 1325 3248 esur

168 3287 224 3346 sibi
246 3303 367 3347 uxorem
391 3303 492 3362 senex,
507 3287 543 3348 Is
557 3289 758 3349 adulescentis
781 3288 862 3348 illius
884 3294 931 3347 est
954 3288 1124 3348 ouuuoulus.
1163 3281 1326 3362 irrisui,

171 3386 198 3460 1,
215 3385 272 3446 24:
293 3383 372 3444 Illos
394 3386 445 3459 qui
468 3387 541 3445 dont
556 3403 605 3446 eos
627 3385 754 3446 derides.
784 3382 858 3448 Uno
879 3381 949 3446 loco
971 3386 1022 3446 est
1036 3383 1133 3451 etism
1147 3387 1325 3463 postpron.

168 3478 338 3544 relativum
361 3479 514 3560 additum,
537 3479 596 3562 Ep.
619 3479 684 3559 III,
711 3486 744 3559 1,
772 3483 807 3543 8:
841 3483 891 3557 qni
913 3513 952 3528 -
977 3485 1003 3544 is
1032 3481 1135 3545 tobes.
1180 3478 1324 3544 Alterum

169 3582 277 3640 sutem
319 3593 420 3656 genus
455 3577 601 3657 inprimis
637 3577 827 3657 frequenter
855 3577 1016 3658 reperitur
1047 3577 1134 3658 opud
1163 3573 1325 3641 Ostonsm.

86 3691 90 3697 ·
169 3670 276 3740 Minus
299 3671 432 3739 offendit
453 3675 489 3739 R.
512 3673 550 3740 R.
572 3693 598 3739 o.
625 3679 659 3740 1:
684 3679 781 3738 Vicini
799 3695 858 3754 qno
879 3685 970 3754 poeto
992 3680 1122 3753 niterent,
1143 3677 1178 3737 id
1198 3678 1325 3737 orimum

168 3773 325 3836 advertito.
370 3771 416 3837 ΙΙ).
433 3790 459 3838 o.
484 3775 519 3838 o:
540 3773 662 3835 Amicos
684 3774 804 3850 domini,
827 3791 875 3836 eos
896 3777 1006 3836 hubent
1028 3777 1085 3836 siti
1104 3777 1216 3836 smiooe
1238 3767 1327 3851 thirle

166 3866 231 3930 utto
251 3865 332 3933 telus
345 3867 478 3946 ιιιδιιι).
523 3870 575 3936 Ib:
597 3877 674 3934 Item
697 3874 815 3936 loenurn
834 3873 967 3950 oordum,
991 3875 1170 3935 meihmonts
1185 3873 1221 3931 de
1236 3876 1325 3946 proto

165 3981 202 4027 eo
223 3969 308 4028 oriris
330 3972 459 4031 condito.
504 3967 537 4032 (l.
561 3972 596 4034 o:
612 3972 694 4031 idem
715 3987 789 4047 eger
810 3973 837 4033 si
858 3973 1018 4033 nebulosus
1037 3978 1096 4046 ιιι,
1112 3987 1194 4048 rupo,
1213 3969 1325 4049 'rephu-

165 4077 235 4140 nos,
257 4067 384 4140 milium,
408 4069 546 4144 punitum
575 4069 609 4128 ot
623 4069 755 4130 -rnsxime
782 4072 843 4130 seri
866 4075 997 4144 oportet.
1028 4063 1076 4131 :st
1104 4070 1138 4132 8:
1165 4067 1323 4133 suissuis

162 4167 198 4222 et
219 4163 415 4240 Horonlsnos,
439 4159 627 4242 Sowntinos,
650 4167 800 4242 hibernos,
823 4165 952 4228 Telsuos
967 4163 1050 4228 sires
1072 4167 1210 4243 pedlenlo
1224 4167 1323 4243 longo,

163 4273 217 4321 eoo
235 4261 268 4320 in
292 4261 358 4321 loeo
380 4279 483 4326 orssso
506 4267 558 4324 sut
578 4269 748 4326 ¹stere'oretto
771 4267 872 4327 serito
918 4260 953 4327 G.
978 4265 1033 4334 30:
1058 4261 1247 4333 mello»
1262 4265 1324 4339 ser·
