3070 4758
466 254 555 296 casus
573 253 842 300 suasraurruoauu.
855 275 881 288 -
894 255 1034 296 accuser.
1264 262 1331 322 m
1389 225 1391 230 ’

183 427 257 488 mla
276 413 407 488 morum.
452 445 481 494 v.
506 432 560 494 2οε
605 447 672 492 nam
695 433 766 492 item
789 431 861 492 obiit
881 432 966 492 dietat
1011 427 1108 492 Poen.
1132 426 1188 505 lv,
1209 431 1241 505 4,
1266 430 1343 492 lto:

180 541 269 601 quom
291 512 375 586 soom
398 529 471 588 obiit
490 529 576 590 diem.
599 525 681 592 auu.
704 526 743 604 V,
759 530 788 602 2,
811 531 869 591 48;
892 529 980 590 Praei
1000 527 1098 588 verbis
1121 526 1246 602 quidvis.
1271 523 1341 588 Mil.

179 617 237 699 iv,
263 625 291 700 2,
317 625 371 687 55:
409 627 492 684 Haec
514 627 604 686 illaec
626 632 673 686 est
694 626 732 686 ab
754 627 825 686 illac
846 643 933 701 quam
956 625 1066 684 dudum
1089 623 1159 684 dixi.
1203 620 1291 686 Asin.
1313 620 1341 700 Ι,

181 721 209 795 Ι,
237 721 290 781 15:
330 719 408 781 Cave
431 724 502 782 mihi
525 723 661 784 mendaci
684 724 854 800 quicquam,
884 719 940 785 nbi
960 723 1068 784 mento
1090 718 1270 784 addendum
1290 721 1341 786 est

179 817 304 880 dinemo.
350 816 416 882 Mil.
439 817 493 898 IV,
517 821 547 897 2,
571 821 626 882 56:
655 837 722 880 nam
744 821 787 880 ita
809 837 855 879 me
878 824 1038 882 occursant
1060 819 1180 879 multae.
1224 814 1290 884 Mil.
1312 813 1341 894 Ι,

182 917 292 992 1,51:
338 917 557 979 conmunicabo
581 935 699 992 semper
725 923 755 977 te
784 934 888 978 mensa
909 934 983 978 mea.
1030 911 1101 978 Cas.
1145 912 1205 991 111,
1224 916 1259 990 2,
1281 916 1339 977 25:

178 1013 293 1074 Verum
317 1023 416 1074 autam
440 1016 623 1076 altrovorsus
645 1031 731 1090 quom
755 1029 821 1074 cam
843 1029 958 1074 mecum
980 1015 1126 1074 radonem
1148 1017 1231 1087 puto.
1254 1007 1341 1074 lieu

176 1112 255 1186 prol.
278 1129 305 1170 v.
322 1112 378 1173 50:
402 1112 443 1172 Ut
464 1112 541 1172 hauc
564 1128 626 1173 rem
650 1111 732 1172 vobis
755 1113 932 1172 examussim
947 1111 1105 1186 disputem,
1125 1105 1165 1172 af.
1189 1105 1262 1172 Aul.
1276 1104 1339 1204 ΙΙΙ,

182 1208 212 1282 5,
237 1208 294 1268 55:
332 1207 391 1268 Ubi
414 1209 595 1285 disputatast
616 1210 694 1269 ratio
724 1225 790 1268 cnm
812 1208 993 1284 argentario.
1036 1202 1153 1270 Baooh.
1175 1223 1204 1270 v.
1238 1209 1341 1270 aloa:

179 1311 313 1364 scortum
337 1305 507 1366 adcumbas.
529 1302 726 1368 Menaechm.
749 1301 928 1381 lll‚2,11:
953 1310 1083 1365 scortum
1107 1305 1241 1367 mcubui.
1265 1300 1339 1368 Cas.

175 1397 219 1476 ΙΙ,
242 1403 274 1479 4,
297 1403 392 1464 extu:
416 1403 545 1478 gladium
567 1401 674 1463 iaciarn
696 1404 844 1476 culcitam,
871 1402 1007 1477 Eumque
1028 1401 1207 1462 incumbam.
1247 1400 1337 1466 Asin.

176 1494 203 1576 Ι,
229 1501 257 1576 1,
281 1501 339 1562 39:
363 1501 486 1560 Rectam
509 1503 604 1560 iustas
627 1501 711 1561 viam
736 1495 832 1560 Poen.
855 1493 910 1576 IV,
934 1500 963 1575 2,
987 1501 1041 1562 96;
1065 1505 1179 1560 tantum
1202 1517 1270 1560 aum
1291 1501 1337 1561 in·

180 1590 242 1656 siat
265 1597 347 1656 exiti.
371 1593 559 1675 Mll.111‚3‚
577 1599 631 1659 55:
654 1597 788 1656 insistite
810 1596 868 1655 hoe
890 1597 1041 1670 negotium
1056 1597 1218 1671 sapienter.
1240 1593 1340 1660 Most..

174 1690 219 1770 ΙΙ,
246 1696 272 1771 l,
295 1695 350 1755 40:
398 1711 452 1769 ego
475 1697 564 1754 istum
586 1694 685 1768 lapide
708 1693 862 1754 medicabo
884 1699 1004 1754 metum.
1049 1691 1115 1754 llil.
1144 1691 1204 1770 ΙΙΙ,
1228 1698 1256 1772 1,
1279 1697 1338 1758 59:

174 1791 280 1866 Neque
303 1794 456 1867 praeripio
470 1795 693 1867 pulpamentum
716 1807 811 1864 neque
828 1793 991 1862 praevorto
1007 1792 1161 1863 populata.
1186 1788 1277 1870 Capt-
1297 1788 1336 1870 V,

173 1891 205 1966 4,
230 1891 286 1951 28:
310 1889 462 1949 Certumst
483 1890 662 1965 principium
684 1887 715 1946 id
738 1887 935 1962 praevortier,
959 1883 996 1950 cf.
1034 1885 1101 1950 Mil.
1123 1885 1182 1965 ΙΙΙ,
1207 1892 1235 1966 l,
1260 1887 1336 1952 1'20:

174 1987 270 2061 Igitur
293 1985 324 2046 id
347 1987 426 2062 quod
448 1987 545 2063 agitur
568 1987 654 2046 huice
677 1987 802 2060 primum
826 1986 978 2058 praevorti
1001 1985 1097 2048 decet.
1120 1983 1236 2050 Pseud.
1258 1983 1285 2064 Ι,
1306 1989 1339 2065 3,

174 2085 211 2145 8:
234 2084 269 2142 In
292 2101 356 2144 rem
378 2085 455 2157 quod
478 2086 518 2144 sit
539 2084 752 2158 praeverteris.
796 2077 881 2143 Men.
904 2096 934 2143 v.
953 2083 1037 2143 ¹218:
1058 2099 1190 2144 mercam
1212 2083 1336 2144 deorum

175 2181 294 2242 divitias
316 2181 399 2240 mihi.
444 2176 541 2244 Stich.
564 2177 619 2257 IV,
644 2183 674 2255 2,
698 2183 755 2242 252
786 2177 950 2239 Namillic
971 2179 1059 2240 homo
1082 2179 1163 2242 uin
1185 2181 1336 2242 beredita-

173 2285 234 2338 tem
263 2277 367 2338 inhiat.
411 2275 477 2340 Mil.
508 2274 567 2353 ΙΙΙ,
594 2281 621 2354 l,
649 2279 722 2340 121:
766 2278 851 2336 Bona
873 2291 940 2336 mea
961 2277 1086 2338 inhiant.
1132 2273 1230 2343 Poon-
1253 2275 1334 2357 prol.

174 2392 204 2436 v.
236 2376 291 2437 14:
334 2376 458 2434 tacitum
492 2380 522 2434 te
554 2376 680 2449 obrepet
713 2374 817 2444 tames,
861 2386 890 2432 v.
919 2367 1053 2435 Ritschl.
1088 2372 1264 2454 prolegom.
1294 2372 1339 2441 ad·

175 2469 262 2534 Trin.
284 2485 314 2548 p.
343 2472 384 2532 82
407 2486 469 2550 sq,
505 2467 559 2548 qui
595 2469 689 2532 docet
721 2465 854 2532 verbum
883 2468 1021 2542 obrepere
1055 2485 1127 2533 curn
1155 2487 1235 2550 acc,
1272 2485 1337 2534 non

179 2583 251 2632 cum
275 2563 340 2630 dat.
364 2565 521 2647 coniungi.
560 2565 686 2646 Fragm.
711 2562 832 2627 Cistell.
855 2579 887 2641 p.
910 2568 991 2628 477:
1014 2567 1180 2630 idemiusre
1205 2567 1336 2630 uitiatum

175 2683 269 2726 suum.
313 2662 409 2728 Poen.
431 2661 487 2742 IV,
510 2669 540 2741 4,
568 2665 641 2726 102:
674 2662 792 2737 Ecquid
813 2661 974 2722 meministi
997 2669 1080 2725 tuum
1100 2672 1260 2739 pareutum
1280 2684 1333 2727 no·

124 2803 125 2808 η
172 2762 277 2848 ruina?
304 2759 420 2826 Bacch.
443 2759 498 2840 IV,
521 2764 550 2839 6,
574 2763 635 2824 20:
664 2761 774 2821 oblitus
798 2776 862 2819 sum
884 2760 992 2820 omnia.
1037 2757 1134 2824 truc.
1156 2757 1199 2840 Η,
1225 2766 1253 2839 1,
1275 2765 1317 2825 22

175 2861 205 2920 Is
221 2853 337 2920 amatur
353 2861 398 2922 his
420 2861 499 2935 apud
522 2877 584 2927 nos,
608 2859 667 2935 qui,
691 2857 770 2932 qnod
792 2857 884 2930 dedit,
903 2855 940 2916 tul
960 2855 1081 2920 oblitust
1100 2857 1213 2922 aaa.
1241 2855 1335 2937 Epid.

174 2953 236 3033 ΙΙΙ,
259 2961 289 3035 4,
314 2959 371 3019 2οι
394 2959 533 3019 Animum
555 2957 688 3017 advorte.
722 2951 803 3016 Rud.
826 2950 868 3031 ΙΙ,
893 2956 922 3030 2,
948 2957 987 3016 1:
1017 2955 1156 3015 Animum
1178 2956 1336 3019 advorsari

175 3053 290 3127 sedulo,
314 3072 351 3114 no
378 3071 461 3115 erum
483 3071 606 3128 usquam
629 3054 859 3128 praeterirem.¹
882 3046 975 3112 Cure.
999 3047 1059 3128 III,
1086 3054 1143 3114 11:
1180 3054 1336 3116 iliricum

177 3155 296 3211 mature
318 3153 426 3225 parsit.
470 3148 587 3214 Bacch.
610 3147 665 3227 lv,
690 3153 719 3227 9,
745 3151 820 3212 120:
863 3148 928 3222 Ego
951 3163 1048 3222 neque
1071 3149 1102 3207 ta
1124 3149 1213 3210 iubeo
1236 3167 1334 3227 nequo

174 3252 244 3308 voto
267 3264 364 3323 neque
388 3248 508 3310 suadeo.
552 3263 582 3310 v.
608 3249 684 3310 137:
704 3244 856 3307 absolvam
877 3243 1009 3305 militem.
1053 3241 1143 3308 Asin.
1173 3242 1334 3326 1,1,31:

174 3343 262 3406 Dono
285 3350 316 3404 te
339 3345 376 3406 ob
398 3345 476 3406 istuc
498 3344 620 3406 dictum.
647 3338 764 3406 Bacch.
787 3343 815 3404 ν’.
842 3343 938 3404 1143:
962 3348 993 3402 te
1015 3341 1176 3410 condono..
1190 3339 1273 3407 Rnd.
1295 3343 1336 3426 V,

177 3443 206 3516 3,
231 3443 287 3503 12:
312 3441 447 3503 condono
466 3447 508 3519 te,
530 3439 572 3502 ad
595 3457 623 3520 q.
646 3438 667 3502 l.
685 3437 808 3520 tirum:
829 3439 1181 3517 „condonarealiqnem
1204 3445 1255 3506 est
1277 3441 1340 3507 do·=

173 3551 252 3599 nare
282 3535 387 3614 alicui,
409 3535 495 3617 quud
517 3535 655 3601 debetur
677 3533 887 3613 autaffertur,
909 3534 1087 3614 remittere,
1109 3551 1173 3600 non
1190 3537 1334 3620 exiguum

174 3633 345 3696 condonare
375 3636 466 3696 alicui
487 3635 601 3710 aliquid
624 3636 674 3698 est
694 3632 780 3696 idem
803 3629 888 3712 quud
903 3629 1040 3711 simplex
1062 3631 1214 3700 donare.“
1236 3633 1334 3701 Musa
1405 3669 1408 3676 .
1458 3695 1461 3702 ,

173 3728 213 3808 V,
236 3733 266 3809 2,
289 3734 332 3794 44
361 3727 489 3810 phrasis
517 3728 625 3794 Plauti
651 3733 724 3792 dare
758 3732 889 3806 aliquam
916 3731 1032 3792 ueniam
1054 3745 1115 3810 pro
1146 3733 1218 3794 dare
1243 3735 1340 3800 alicui·

174 3829 310 3905 veniam,
338 3825 403 3890 vid.
430 3825 539 3890 adum
565 3825 663 3892 Poen.
697 3826 739 3906 1V,
763 3831 793 3908 5,
819 3829 880 3894 23:
919 3829 988 3890 -Iam
1016 3829 1121 3890 hercle
1143 3841 1207 3905 'ego
1240 3832 1337 3894 illunc

175 3925 410 3986 excruciandum
430 3933 527 3986 toturn
548 3925 699 3988 carnufici.
713 3926 801 3988 dabo.
844 3920 911 3986 luit
935 3920 979 4001 ΙΙ,
999 3927 1034 4002 .1,
1056 3925 1113 3987 62:
1129 3925 1220 3988 diam
1241 3943 1333 3992 unum

173 4023 315 4082 conclave
340 4023 627 4096 concubinaeqnod
648 4023 734 4082 dedit
753 4021 863 4097 Miles,
894 4037 952 4095 quo
984 4037 1071 4083 namo
1093 4023 1151 4084 nisi
1174 4033 1268 4100 sapas
1287 4025 1334 4085 in-

174 4114 271 4178 ferret
291 4117 409 4192 pedem,
431 4119 469 4178 In
485 4134 528 4178 veo
557 4119 692 4186 conclaui
714 4115 945 4194 uuopcriuoiui
963 4118 1141 4192 parietem..
1164 4113 1258 4184 Cure:
1273 4117 1334 4200 ΙΙΙ,

175 4213 233 4275 di:
270 4220 313 4284 ¹ut
342 4214 371 4272 ai
399 4215 487 4274 detur
508 4227 605 4297 quom
624 4215 695 4277 istic
722 4215 781 4275 emi
807 4213 973 4292 virginum,
1003 4213 1090 4288 outo
1114 4221 1146 4278 te
1162 4223 1335 4292 'praesenta

231 4309 316 4360 Boline,
332 4311 440 4361 syntaxis.
453 4311 472 4352 1.
1081 4319 1121 4377 18
