<?xml version="1.0" encoding="UTF-8"?>
<!DOCTYPE html PUBLIC "-//W3C//DTD XHTML 1.0 Transitional//EN"
    "http://www.w3.org/TR/xhtml1/DTD/xhtml1-transitional.dtd">
<html xmlns="http://www.w3.org/1999/xhtml" xml:lang="en" lang="en">
 <head>
  <title>
</title>
<meta http-equiv="Content-Type" content="text/html;charset=utf-8" />
  <meta name='ocr-system' content='tesseract 3.04.00' />
  <meta name='ocr-capabilities' content='ocr_page ocr_carea ocr_par ocr_line ocrx_word'/>
</head>
<body>
  <div class='ocr_page' id='page_1' title='image "./syntaxispriscor01holtgoog_0336.png"; bbox 0 0 3070 4758; ppageno 0'>
   <div class='ocr_carea' id='block_1_1' title="bbox 407 258 1289 327">
    <p class='ocr_par' dir='ltr' id='par_1_1' title="bbox 407 258 1289 327">
     <span class='ocr_line' id='line_1_1' title="bbox 407 258 1289 327; baseline 0.011 -24"><span class='ocrx_word' id='word_1_1' title='bbox 407 261 495 303; x_wconf 73' lang='grc' dir='ltr'>ΟΔΒῙΙΒ</span> <span class='ocrx_word' id='word_1_2' title='bbox 508 258 774 306; x_wconf 62' lang='grc' dir='ltr'><strong>ΒΠΒΕΨΔΜΝΟΏἮ.</strong></span> <span class='ocrx_word' id='word_1_3' title='bbox 788 279 814 293; x_wconf 88' lang='grc'><strong>-·</strong></span> <span class='ocrx_word' id='word_1_4' title='bbox 824 261 991 306; x_wconf 67' lang='lat' dir='ltr'><strong>omnifluus.</strong></span> <span class='ocrx_word' id='word_1_5' title='bbox 1226 267 1289 327; x_wconf 69' lang='lat'><strong>310</strong></span> 
     </span>
    </p>
   </div>
   <div class='ocr_carea' id='block_1_2' title="bbox 120 429 1293 4334">
    <p class='ocr_par' dir='ltr' id='par_1_2' title="bbox 120 429 1293 1772">
     <span class='ocr_line' id='line_1_2' title="bbox 124 429 1293 518; baseline -0.005 -14"><span class='ocrx_word' id='word_1_6' title='bbox 124 455 201 518; x_wconf 87' lang='lat' dir='ltr'><strong>quo</strong></span> <span class='ocrx_word' id='word_1_7' title='bbox 222 433 260 502; x_wconf 88' lang='lat' dir='ltr'><strong>fit</strong></span> <span class='ocrx_word' id='word_1_8' title='bbox 281 440 319 500; x_wconf 87' lang='lat' dir='ltr'><strong>ut</strong></span> <span class='ocrx_word' id='word_1_9' title='bbox 338 433 372 500; x_wconf 90' lang='lat' dir='ltr'><strong>in</strong></span> <span class='ocrx_word' id='word_1_10' title='bbox 391 437 495 501; x_wconf 72' lang='lat' dir='ltr'><strong>domes</strong></span> <span class='ocrx_word' id='word_1_11' title='bbox 515 445 559 502; x_wconf 83' lang='lat' dir='ltr'><strong>cot</strong></span> <span class='ocrx_word' id='word_1_12' title='bbox 572 441 674 516; x_wconf 72' lang='lat' dir='ltr'><strong>poss</strong></span> <span class='ocrx_word' id='word_1_13' title='bbox 692 436 872 504; x_wconf 75' lang='lat' dir='ltr'><strong>subiectum</strong></span> <span class='ocrx_word' id='word_1_14' title='bbox 890 432 1006 502; x_wconf 68' lang='lat' dir='ltr'><strong>mmsis</strong></span> <span class='ocrx_word' id='word_1_15' title='bbox 1024 439 1061 500; x_wconf 87' lang='lat' dir='ltr'><strong>et</strong></span> <span class='ocrx_word' id='word_1_16' title='bbox 1077 433 1230 500; x_wconf 81' lang='lat' dir='ltr'><strong>limitibus</strong></span> <span class='ocrx_word' id='word_1_17' title='bbox 1248 429 1293 498; x_wconf 88' lang='lat' dir='ltr'><strong>sit</strong></span> 
     </span>
     <span class='ocr_line' id='line_1_3' title="bbox 121 531 1291 616; baseline -0.003 -16"><span class='ocrx_word' id='word_1_18' title='bbox 121 532 409 615; x_wconf 86' lang='lat' dir='ltr'><strong>circumscriptum</strong></span> <span class='ocrx_word' id='word_1_19' title='bbox 432 537 466 599; x_wconf 90' lang='lat' dir='ltr'><strong>et</strong></span> <span class='ocrx_word' id='word_1_20' title='bbox 487 535 645 616; x_wconf 81' lang='lat' dir='ltr'>genitivus</span> <span class='ocrx_word' id='word_1_21' title='bbox 665 532 819 600; x_wconf 85' lang='lat' dir='ltr'><strong>definiens</strong></span> <span class='ocrx_word' id='word_1_22' title='bbox 836 531 1019 614; x_wconf 84' lang='lat' dir='ltr'><strong>primariam</strong></span> <span class='ocrx_word' id='word_1_23' title='bbox 1038 535 1073 598; x_wconf 85' lang='lat' dir='ltr'><strong>et</strong></span> <span class='ocrx_word' id='word_1_24' title='bbox 1093 531 1291 612; x_wconf 85' lang='lat' dir='ltr'><strong>potissimam</strong></span> 
     </span>
     <span class='ocr_line' id='line_1_4' title="bbox 121 628 1291 712; baseline -0.003 -15"><span class='ocrx_word' id='word_1_25' title='bbox 121 632 297 697; x_wconf 92' lang='lat' dir='ltr'><strong>notionem</strong></span> <span class='ocrx_word' id='word_1_26' title='bbox 320 628 437 698; x_wconf 85' lang='lat' dir='ltr'><strong>efficiat</strong></span> <span class='ocrx_word' id='word_1_27' title='bbox 460 633 702 712; x_wconf 84' lang='lat' dir='ltr'><strong>enunciationia,</strong></span> <span class='ocrx_word' id='word_1_28' title='bbox 724 631 757 696; x_wconf 90' lang='lat' dir='ltr'><strong>iu</strong></span> <span class='ocrx_word' id='word_1_29' title='bbox 765 634 850 708; x_wconf 71' lang='lat' dir='ltr'><strong>pons·</strong></span> <span class='ocrx_word' id='word_1_30' title='bbox 863 637 907 695; x_wconf 77' lang='lat' dir='ltr'><strong>est</strong></span> <span class='ocrx_word' id='word_1_31' title='bbox 921 633 1026 694; x_wconf 74' lang='lat' dir='ltr'><strong>dorum</strong></span> <span class='ocrx_word' id='word_1_32' title='bbox 1047 633 1153 695; x_wconf 82' lang='lat' dir='ltr'><strong>autem</strong></span> <span class='ocrx_word' id='word_1_33' title='bbox 1176 645 1195 694; x_wconf 87' lang='lat' dir='ltr'><strong>e</strong></span> <span class='ocrx_word' id='word_1_34' title='bbox 1217 645 1291 694; x_wconf 88' lang='lat' dir='ltr'><strong>con-</strong></span> 
     </span>
     <span class='ocr_line' id='line_1_5' title="bbox 124 727 1291 811; baseline -0.003 -16"><span class='ocrx_word' id='word_1_35' title='bbox 124 730 237 795; x_wconf 85' lang='lat' dir='ltr'><strong>trario</strong></span> <span class='ocrx_word' id='word_1_36' title='bbox 260 728 438 795; x_wconf 88' lang='lat' dir='ltr'><strong>subiectum</strong></span> <span class='ocrx_word' id='word_1_37' title='bbox 460 732 563 794; x_wconf 65' lang='lat' dir='ltr'><strong>mmm</strong></span> <span class='ocrx_word' id='word_1_38' title='bbox 585 731 647 795; x_wconf 86' lang='lat' dir='ltr'><strong>vim</strong></span> <span class='ocrx_word' id='word_1_39' title='bbox 670 730 788 796; x_wconf 84' lang='lat' dir='ltr'><strong>hebeat</strong></span> <span class='ocrx_word' id='word_1_40' title='bbox 807 729 1116 811; x_wconf 71' lang='lat' dir='ltr'><strong>praeponderantem</strong></span> <span class='ocrx_word' id='word_1_41' title='bbox 1137 732 1172 793; x_wconf 89' lang='lat' dir='ltr'><strong>et</strong></span> <span class='ocrx_word' id='word_1_42' title='bbox 1192 727 1291 792; x_wconf 84' lang='lat' dir='ltr'><strong>meio-</strong></span> 
     </span>
     <span class='ocr_line' id='line_1_6' title="bbox 121 824 1290 910; baseline -0.003 -17"><span class='ocrx_word' id='word_1_43' title='bbox 121 827 176 893; x_wconf 89' lang='lat' dir='ltr'><strong>ris</strong></span> <span class='ocrx_word' id='word_1_44' title='bbox 215 825 375 894; x_wconf 82' lang='lat' dir='ltr'><strong>momenti.</strong></span> <span class='ocrx_word' id='word_1_45' title='bbox 424 826 474 892; x_wconf 82' lang='lat' dir='ltr'><strong>Ex</strong></span> <span class='ocrx_word' id='word_1_46' title='bbox 506 827 556 894; x_wconf 84' lang='lat' dir='ltr'><strong>his</strong></span> <span class='ocrx_word' id='word_1_47' title='bbox 592 828 737 894; x_wconf 90' lang='lat' dir='ltr'><strong>omnibus</strong></span> <span class='ocrx_word' id='word_1_48' title='bbox 764 827 867 910; x_wconf 76' lang='lat' dir='ltr'><strong>magis</strong></span> <span class='ocrx_word' id='word_1_49' title='bbox 897 825 1062 908; x_wconf 79' lang='lat' dir='ltr'><strong>magisque</strong></span> <span class='ocrx_word' id='word_1_50' title='bbox 1088 824 1290 906; x_wconf 78' lang='lat' dir='ltr'><strong>perspicitur,</strong></span> 
     </span>
     <span class='ocr_line' id='line_1_7' title="bbox 120 921 1292 1006; baseline -0.003 -16"><span class='ocrx_word' id='word_1_51' title='bbox 120 928 285 990; x_wconf 87' lang='lat' dir='ltr'><strong>naturam</strong></span> <span class='ocrx_word' id='word_1_52' title='bbox 313 923 443 1006; x_wconf 78' lang='lat' dir='ltr'><strong>genitivi</strong></span> <span class='ocrx_word' id='word_1_53' title='bbox 470 924 503 989; x_wconf 95' lang='lat' dir='ltr'><strong>in</strong></span> <span class='ocrx_word' id='word_1_54' title='bbox 525 925 744 992; x_wconf 86' lang='lat' dir='ltr'><strong>coniunctione</strong></span> <span class='ocrx_word' id='word_1_55' title='bbox 771 925 908 992; x_wconf 85' lang='lat' dir='ltr'><strong>duorum</strong></span> <span class='ocrx_word' id='word_1_56' title='bbox 927 924 1090 990; x_wconf 89' lang='lat' dir='ltr'><strong>nominum</strong></span> <span class='ocrx_word' id='word_1_57' title='bbox 1117 921 1205 988; x_wconf 80' lang='lat' dir='ltr'><strong>nulla</strong></span> <span class='ocrx_word' id='word_1_58' title='bbox 1226 922 1292 988; x_wconf 77' lang='lat' dir='ltr'><strong>alio</strong></span> 
     </span>
     <span class='ocr_line' id='line_1_8' title="bbox 126 1021 1289 1090; baseline -0.003 -2"><span class='ocrx_word' id='word_1_59' title='bbox 126 1039 217 1088; x_wconf 79' lang='lat' dir='ltr'><strong>uoce</strong></span> <span class='ocrx_word' id='word_1_60' title='bbox 239 1021 456 1088; x_wconf 84' lang='lat' dir='ltr'><strong>intercedente</strong></span> <span class='ocrx_word' id='word_1_61' title='bbox 477 1021 563 1088; x_wconf 86' lang='lat' dir='ltr'><strong>facta</strong></span> <span class='ocrx_word' id='word_1_62' title='bbox 584 1023 758 1090; x_wconf 81' lang='lat' dir='ltr'><strong>consistere</strong></span> <span class='ocrx_word' id='word_1_63' title='bbox 785 1027 819 1090; x_wconf 88' lang='lat' dir='ltr'><strong>et</strong></span> <span class='ocrx_word' id='word_1_64' title='bbox 840 1021 1092 1090; x_wconf 88' lang='lat' dir='ltr'><strong>coniunctionem</strong></span> <span class='ocrx_word' id='word_1_65' title='bbox 1126 1021 1196 1086; x_wconf 87' lang='lat' dir='ltr'><strong>eius</strong></span> <span class='ocrx_word' id='word_1_66' title='bbox 1217 1037 1289 1086; x_wconf 89' lang='lat' dir='ltr'><strong>oum</strong></span> 
     </span>
     <span class='ocr_line' id='line_1_9' title="bbox 129 1118 1289 1203; baseline -0.004 -16"><span class='ocrx_word' id='word_1_67' title='bbox 129 1119 240 1188; x_wconf 82' lang='lat' dir='ltr'><strong>verbo</strong></span> <span class='ocrx_word' id='word_1_68' title='bbox 264 1118 444 1200; x_wconf 82' lang='lat' dir='ltr'><strong>copulative</strong></span> <span class='ocrx_word' id='word_1_69' title='bbox 466 1120 573 1202; x_wconf 90' lang='lat' dir='ltr'><strong>potius</strong></span> <span class='ocrx_word' id='word_1_70' title='bbox 594 1140 633 1186; x_wconf 85' lang='lat' dir='ltr'><strong>ex</strong></span> <span class='ocrx_word' id='word_1_71' title='bbox 652 1121 786 1203; x_wconf 85' lang='lat' dir='ltr'><strong>simplici</strong></span> <span class='ocrx_word' id='word_1_72' title='bbox 806 1122 875 1187; x_wconf 90' lang='lat' dir='ltr'><strong>eius</strong></span> <span class='ocrx_word' id='word_1_73' title='bbox 895 1138 956 1186; x_wconf 90' lang='lat' dir='ltr'><strong>usu</strong></span> <span class='ocrx_word' id='word_1_74' title='bbox 975 1137 1071 1201; x_wconf 86' lang='lat' dir='ltr'><strong>quam</strong></span> <span class='ocrx_word' id='word_1_75' title='bbox 1090 1123 1201 1185; x_wconf 87' lang='lat' dir='ltr'><strong>contra</strong></span> <span class='ocrx_word' id='word_1_76' title='bbox 1214 1133 1289 1199; x_wconf 88' lang='lat' dir='ltr'><strong>pro-</strong></span> 
     </span>
     <span class='ocr_line' id='line_1_10' title="bbox 127 1215 1289 1300; baseline -0.001 -18"><span class='ocrx_word' id='word_1_77' title='bbox 127 1215 244 1284; x_wconf 84' lang='lat' dir='ltr'><strong>ficisci.</strong></span> <span class='ocrx_word' id='word_1_78' title='bbox 282 1217 422 1297; x_wconf 85' lang='lat' dir='ltr'><strong>Accedit,</strong></span> <span class='ocrx_word' id='word_1_79' title='bbox 444 1218 529 1299; x_wconf 88' lang='lat' dir='ltr'><strong>quod</strong></span> <span class='ocrx_word' id='word_1_80' title='bbox 550 1217 685 1286; x_wconf 87' lang='lat' dir='ltr'><strong>mutatio</strong></span> <span class='ocrx_word' id='word_1_81' title='bbox 711 1219 847 1286; x_wconf 85' lang='lat' dir='ltr'><strong>notionis</strong></span> <span class='ocrx_word' id='word_1_82' title='bbox 869 1218 1062 1300; x_wconf 84' lang='lat' dir='ltr'><strong>compositae</strong></span> <span class='ocrx_word' id='word_1_83' title='bbox 1084 1217 1117 1283; x_wconf 92' lang='lat' dir='ltr'><strong>in</strong></span> <span class='ocrx_word' id='word_1_84' title='bbox 1140 1216 1289 1282; x_wconf 83' lang='lat' dir='ltr'><strong>enuncia-</strong></span> 
     </span>
     <span class='ocr_line' id='line_1_11' title="bbox 125 1314 1290 1396; baseline -0.003 -16"><span class='ocrx_word' id='word_1_85' title='bbox 125 1315 257 1380; x_wconf 89' lang='lat' dir='ltr'><strong>tionem</strong></span> <span class='ocrx_word' id='word_1_86' title='bbox 277 1331 336 1395; x_wconf 85' lang='lat' dir='ltr'><strong>per</strong></span> <span class='ocrx_word' id='word_1_87' title='bbox 358 1333 418 1378; x_wconf 82' lang='lat' dir='ltr'><strong>esse</strong></span> <span class='ocrx_word' id='word_1_88' title='bbox 436 1314 567 1396; x_wconf 84' lang='lat' dir='ltr'><strong>elotum,</strong></span> <span class='ocrx_word' id='word_1_89' title='bbox 600 1316 647 1383; x_wconf 87' lang='lat' dir='ltr'><strong>ita</strong></span> <span class='ocrx_word' id='word_1_90' title='bbox 669 1321 705 1382; x_wconf 86' lang='lat' dir='ltr'><strong>ut</strong></span> <span class='ocrx_word' id='word_1_91' title='bbox 726 1316 787 1383; x_wconf 88' lang='lat' dir='ltr'><strong>hoc</strong></span> <span class='ocrx_word' id='word_1_92' title='bbox 816 1323 860 1381; x_wconf 83' lang='lat' dir='ltr'><strong>ert</strong></span> <span class='ocrx_word' id='word_1_93' title='bbox 878 1316 1049 1382; x_wconf 89' lang='lat' dir='ltr'><strong>transitum</strong></span> <span class='ocrx_word' id='word_1_94' title='bbox 1070 1314 1168 1380; x_wconf 74' lang='lat' dir='ltr'><strong>iuuat</strong></span> <span class='ocrx_word' id='word_1_95' title='bbox 1194 1329 1290 1380; x_wconf 85' lang='lat' dir='ltr'><strong>eno·</strong></span> 
     </span>
     <span class='ocr_line' id='line_1_12' title="bbox 123 1409 1289 1495; baseline 0 -17"><span class='ocrx_word' id='word_1_96' title='bbox 123 1414 222 1479; x_wconf 90' lang='lat' dir='ltr'><strong>tione</strong></span> <span class='ocrx_word' id='word_1_97' title='bbox 253 1409 430 1478; x_wconf 89' lang='lat' dir='ltr'><strong>definienda</strong></span> <span class='ocrx_word' id='word_1_98' title='bbox 456 1413 498 1479; x_wconf 86' lang='lat' dir='ltr'><strong>sd</strong></span> <span class='ocrx_word' id='word_1_99' title='bbox 525 1431 610 1491; x_wconf 89' lang='lat' dir='ltr'><strong>eam,</strong></span> <span class='ocrx_word' id='word_1_100' title='bbox 643 1431 725 1495; x_wconf 83' lang='lat' dir='ltr'><strong>quae</strong></span> <span class='ocrx_word' id='word_1_101' title='bbox 754 1414 894 1494; x_wconf 80' lang='lat' dir='ltr'><strong>genitivo</strong></span> <span class='ocrx_word' id='word_1_102' title='bbox 925 1418 975 1480; x_wconf 90' lang='lat' dir='ltr'><strong>est</strong></span> <span class='ocrx_word' id='word_1_103' title='bbox 997 1429 1163 1494; x_wconf 85' lang='lat' dir='ltr'><strong>expresso,</strong></span> <span class='ocrx_word' id='word_1_104' title='bbox 1192 1425 1289 1492; x_wconf 80' lang='lat' dir='ltr'><strong>saepe</strong></span> 
     </span>
     <span class='ocr_line' id='line_1_13' title="bbox 122 1509 1288 1594; baseline -0.003 -17"><span class='ocrx_word' id='word_1_105' title='bbox 122 1529 191 1578; x_wconf 87' lang='lat' dir='ltr'><strong>nee</strong></span> <span class='ocrx_word' id='word_1_106' title='bbox 214 1511 335 1576; x_wconf 86' lang='lat' dir='ltr'><strong>usitata</strong></span> <span class='ocrx_word' id='word_1_107' title='bbox 355 1510 397 1576; x_wconf 90' lang='lat' dir='ltr'><strong>sit</strong></span> <span class='ocrx_word' id='word_1_108' title='bbox 417 1527 521 1592; x_wconf 88' lang='lat' dir='ltr'><strong>noque</strong></span> <span class='ocrx_word' id='word_1_109' title='bbox 544 1512 669 1577; x_wconf 91' lang='lat' dir='ltr'><strong>omniuo</strong></span> <span class='ocrx_word' id='word_1_110' title='bbox 690 1510 783 1578; x_wconf 82' lang='lat' dir='ltr'><strong>facile</strong></span> <span class='ocrx_word' id='word_1_111' title='bbox 799 1511 933 1594; x_wconf 81' lang='lat' dir='ltr'><strong>cogitari</strong></span> <span class='ocrx_word' id='word_1_112' title='bbox 954 1512 1066 1592; x_wconf 87' lang='lat' dir='ltr'><strong>possit,</strong></span> <span class='ocrx_word' id='word_1_113' title='bbox 1089 1509 1174 1592; x_wconf 88' lang='lat' dir='ltr'><strong>quod</strong></span> <span class='ocrx_word' id='word_1_114' title='bbox 1202 1514 1288 1576; x_wconf 84' lang='lat' dir='ltr'><strong>certe</strong></span> 
     </span>
     <span class='ocr_line' id='line_1_14' title="bbox 125 1607 1290 1692; baseline -0.002 -18"><span class='ocrx_word' id='word_1_115' title='bbox 125 1607 206 1674; x_wconf 89' lang='lat' dir='ltr'><strong>fieri</strong></span> <span class='ocrx_word' id='word_1_116' title='bbox 228 1623 358 1674; x_wconf 87' lang='lat' dir='ltr'><strong>necesse</strong></span> <span class='ocrx_word' id='word_1_117' title='bbox 381 1613 481 1690; x_wconf 86' lang='lat' dir='ltr'><strong>esset,</strong></span> <span class='ocrx_word' id='word_1_118' title='bbox 504 1609 531 1676; x_wconf 88' lang='lat' dir='ltr'><strong>si</strong></span> <span class='ocrx_word' id='word_1_119' title='bbox 553 1609 642 1692; x_wconf 81' lang='lat' dir='ltr'><strong>origo</strong></span> <span class='ocrx_word' id='word_1_120' title='bbox 665 1610 797 1692; x_wconf 80' lang='lat' dir='ltr'><strong>genitivi</strong></span> <span class='ocrx_word' id='word_1_121' title='bbox 828 1627 846 1676; x_wconf 90' lang='lat' dir='ltr'><strong>e</strong></span> <span class='ocrx_word' id='word_1_122' title='bbox 873 1609 932 1678; x_wconf 85' lang='lat' dir='ltr'><strong>tali</strong></span> <span class='ocrx_word' id='word_1_123' title='bbox 954 1608 1175 1675; x_wconf 83' lang='lat' dir='ltr'><strong>enunciatione</strong></span> <span class='ocrx_word' id='word_1_124' title='bbox 1196 1623 1290 1689; x_wconf 88' lang='lat' dir='ltr'><strong>rape·</strong></span> 
     </span>
     <span class='ocr_line' id='line_1_15' title="bbox 125 1705 348 1772; baseline -0.009 0"><span class='ocrx_word' id='word_1_125' title='bbox 125 1705 235 1772; x_wconf 87' lang='lat' dir='ltr'><strong>tenda</strong></span> <span class='ocrx_word' id='word_1_126' title='bbox 254 1710 348 1771; x_wconf 76' lang='lat' dir='ltr'><strong>essct</strong></span> 
     </span>
    </p>

    <p class='ocr_par' dir='ltr' id='par_1_3' title="bbox 124 1803 1288 4334">
     <span class='ocr_line' id='line_1_16' title="bbox 221 1803 1287 1885; baseline 0.001 -18"><span class='ocrx_word' id='word_1_127' title='bbox 221 1804 302 1868; x_wconf 85' lang='lat' dir='ltr'><strong>Arta</strong></span> <span class='ocrx_word' id='word_1_128' title='bbox 328 1804 546 1870; x_wconf 87' lang='lat' dir='ltr'><strong>coniunctione</strong></span> <span class='ocrx_word' id='word_1_129' title='bbox 575 1806 741 1872; x_wconf 87' lang='lat' dir='ltr'><strong>amborum</strong></span> <span class='ocrx_word' id='word_1_130' title='bbox 766 1804 928 1870; x_wconf 80' lang='lat' dir='ltr'><strong>nominum</strong></span> <span class='ocrx_word' id='word_1_131' title='bbox 957 1819 1054 1885; x_wconf 84' lang='lat' dir='ltr'><strong>saepe</strong></span> <span class='ocrx_word' id='word_1_132' title='bbox 1080 1803 1160 1870; x_wconf 84' lang='lat' dir='ltr'><strong>odeo</strong></span> <span class='ocrx_word' id='word_1_133' title='bbox 1186 1817 1287 1868; x_wconf 88' lang='lat' dir='ltr'><strong>unum</strong></span> 
     </span>
     <span class='ocr_line' id='line_1_17' title="bbox 127 1899 1286 1984; baseline -0.003 -16"><span class='ocrx_word' id='word_1_134' title='bbox 127 1899 274 1968; x_wconf 83' lang='lat' dir='ltr'><strong>efficitur</strong></span> <span class='ocrx_word' id='word_1_135' title='bbox 294 1918 422 1983; x_wconf 85' lang='lat' dir='ltr'><strong>unaque</strong></span> <span class='ocrx_word' id='word_1_136' title='bbox 442 1904 545 1982; x_wconf 93' lang='lat' dir='ltr'><strong>notio,</strong></span> <span class='ocrx_word' id='word_1_137' title='bbox 572 1921 635 1984; x_wconf 89' lang='lat' dir='ltr'><strong>quo</strong></span> <span class='ocrx_word' id='word_1_138' title='bbox 658 1901 695 1968; x_wconf 83' lang='lat' dir='ltr'><strong>fit</strong></span> <span class='ocrx_word' id='word_1_139' title='bbox 715 1909 753 1969; x_wconf 91' lang='lat' dir='ltr'><strong>ut</strong></span> <span class='ocrx_word' id='word_1_140' title='bbox 773 1902 953 1984; x_wconf 77' lang='lat' dir='ltr'><strong>permultae</strong></span> <span class='ocrx_word' id='word_1_141' title='bbox 976 1900 1131 1968; x_wconf 89' lang='lat' dir='ltr'><strong>eiusmodi</strong></span> <span class='ocrx_word' id='word_1_142' title='bbox 1154 1899 1286 1982; x_wconf 75' lang='lat' dir='ltr'><strong>geuidvi</strong></span> 
     </span>
     <span class='ocr_line' id='line_1_18' title="bbox 126 1998 1286 2083; baseline -0.003 -18"><span class='ocrx_word' id='word_1_143' title='bbox 126 1998 388 2066; x_wconf 87' lang='lat' dir='ltr'><strong>constructiones</strong></span> <span class='ocrx_word' id='word_1_144' title='bbox 409 2000 448 2066; x_wconf 91' lang='lat' dir='ltr'><strong>iis</strong></span> <span class='ocrx_word' id='word_1_145' title='bbox 470 2000 601 2083; x_wconf 85' lang='lat' dir='ltr'><strong>linguis,</strong></span> <span class='ocrx_word' id='word_1_146' title='bbox 630 2018 713 2083; x_wconf 88' lang='lat' dir='ltr'><strong>quae</strong></span> <span class='ocrx_word' id='word_1_147' title='bbox 735 2001 886 2067; x_wconf 88' lang='lat' dir='ltr'><strong>maiorem</strong></span> <span class='ocrx_word' id='word_1_148' title='bbox 907 2015 1074 2066; x_wconf 88' lang='lat' dir='ltr'><strong>numemm</strong></span> <span class='ocrx_word' id='word_1_149' title='bbox 1096 1998 1286 2079; x_wconf 87' lang='lat' dir='ltr'><strong>composito·</strong></span> 
     </span>
     <span class='ocr_line' id='line_1_19' title="bbox 124 2094 1287 2182; baseline -0.003 -18"><span class='ocrx_word' id='word_1_150' title='bbox 124 2115 203 2164; x_wconf 88' lang='lat' dir='ltr'><strong>rum</strong></span> <span class='ocrx_word' id='word_1_151' title='bbox 227 2094 349 2161; x_wconf 86' lang='lat' dir='ltr'><strong>habeut</strong></span> <span class='ocrx_word' id='word_1_152' title='bbox 369 2113 461 2178; x_wconf 79' lang='lat' dir='ltr'><strong>quam</strong></span> <span class='ocrx_word' id='word_1_153' title='bbox 485 2097 592 2179; x_wconf 88' lang='lat' dir='ltr'><strong>latine,</strong></span> <span class='ocrx_word' id='word_1_154' title='bbox 616 2117 679 2165; x_wconf 90' lang='lat' dir='ltr'><strong>ono</strong></span> <span class='ocrx_word' id='word_1_155' title='bbox 700 2098 797 2164; x_wconf 85' lang='lat' dir='ltr'><strong>verbo</strong></span> <span class='ocrx_word' id='word_1_156' title='bbox 818 2097 951 2180; x_wconf 81' lang='lat' dir='ltr'><strong>exprimi</strong></span> <span class='ocrx_word' id='word_1_157' title='bbox 973 2098 1105 2182; x_wconf 85' lang='lat' dir='ltr'><strong>possint.</strong></span> <span class='ocrx_word' id='word_1_158' title='bbox 1142 2097 1287 2164; x_wconf 82' lang='lat' dir='ltr'><strong>Nascun-</strong></span> 
     </span>
     <span class='ocr_line' id='line_1_20' title="bbox 125 2193 1287 2278; baseline -0.003 -16"><span class='ocrx_word' id='word_1_159' title='bbox 125 2201 183 2262; x_wconf 89' lang='lat' dir='ltr'><strong>tur</strong></span> <span class='ocrx_word' id='word_1_160' title='bbox 207 2212 250 2259; x_wconf 87' lang='lat' dir='ltr'><strong>ex</strong></span> <span class='ocrx_word' id='word_1_161' title='bbox 271 2193 331 2260; x_wconf 87' lang='lat' dir='ltr'><strong>hac</strong></span> <span class='ocrx_word' id='word_1_162' title='bbox 345 2194 506 2260; x_wconf 84' lang='lat' dir='ltr'><strong>artissime</strong></span> <span class='ocrx_word' id='word_1_163' title='bbox 521 2197 747 2278; x_wconf 89' lang='lat' dir='ltr'><strong>compositione</strong></span> <span class='ocrx_word' id='word_1_164' title='bbox 763 2197 859 2263; x_wconf 86' lang='lat' dir='ltr'><strong>etium</strong></span> <span class='ocrx_word' id='word_1_165' title='bbox 873 2196 1059 2276; x_wconf 84' lang='lat' dir='ltr'><strong>locutiones,</strong></span> <span class='ocrx_word' id='word_1_166' title='bbox 1081 2194 1194 2275; x_wconf 85' lang='lat' dir='ltr'><strong>quales</strong></span> <span class='ocrx_word' id='word_1_167' title='bbox 1212 2197 1287 2260; x_wconf 89' lang='lat' dir='ltr'><strong>suut</strong></span> 
     </span>
     <span class='ocr_line' id='line_1_21' title="bbox 124 2287 1286 2377; baseline -0.001 -21"><span class='ocrx_word' id='word_1_168' title='bbox 124 2298 248 2356; x_wconf 78' lang='lat' dir='ltr'><strong>vetusto</strong></span> <span class='ocrx_word' id='word_1_169' title='bbox 260 2293 325 2354; x_wconf 63' lang='lat' dir='ltr'><strong>ast</strong></span> <span class='ocrx_word' id='word_1_170' title='bbox 339 2295 483 2368; x_wconf 78' lang='lat' dir='ltr'><strong>emptore</strong></span> <span class='ocrx_word' id='word_1_171' title='bbox 497 2295 687 2377; x_wconf 86' lang='lat' dir='ltr'><strong>similesque.</strong></span> <span class='ocrx_word' id='word_1_172' title='bbox 731 2294 917 2360; x_wconf 87' lang='lat' dir='ltr'><strong>Billrothius</strong></span> <span class='ocrx_word' id='word_1_173' title='bbox 932 2293 1025 2360; x_wconf 89' lang='lat' dir='ltr'><strong>docet</strong></span> <span class='ocrx_word' id='word_1_174' title='bbox 1043 2293 1178 2371; x_wconf 91' lang='lat' dir='ltr'><strong>nomine,</strong></span> <span class='ocrx_word' id='word_1_175' title='bbox 1201 2287 1286 2372; x_wconf 77' lang='lat' dir='ltr'><strong>puod</strong></span> 
     </span>
     <span class='ocr_line' id='line_1_22' title="bbox 125 2387 1286 2473; baseline -0.003 -16"><span class='ocrx_word' id='word_1_176' title='bbox 125 2391 161 2457; x_wconf 93' lang='lat' dir='ltr'><strong>in</strong></span> <span class='ocrx_word' id='word_1_177' title='bbox 186 2388 331 2471; x_wconf 82' lang='lat' dir='ltr'><strong>genitivo</strong></span> <span class='ocrx_word' id='word_1_178' title='bbox 353 2391 491 2471; x_wconf 87' lang='lat' dir='ltr'><strong>positum</strong></span> <span class='ocrx_word' id='word_1_179' title='bbox 514 2397 578 2473; x_wconf 90' lang='lat' dir='ltr'><strong>est,</strong></span> <span class='ocrx_word' id='word_1_180' title='bbox 613 2409 682 2458; x_wconf 90' lang='lat' dir='ltr'><strong>eam</strong></span> <span class='ocrx_word' id='word_1_181' title='bbox 702 2412 771 2458; x_wconf 90' lang='lat' dir='ltr'><strong>rem</strong></span> <span class='ocrx_word' id='word_1_182' title='bbox 793 2409 973 2472; x_wconf 85' lang='lat' dir='ltr'><strong>expressam</strong></span> <span class='ocrx_word' id='word_1_183' title='bbox 1002 2407 1084 2470; x_wconf 87' lang='lat' dir='ltr'><strong>esse,</strong></span> <span class='ocrx_word' id='word_1_184' title='bbox 1118 2389 1201 2455; x_wconf 89' lang='lat' dir='ltr'><strong>uude</strong></span> <span class='ocrx_word' id='word_1_185' title='bbox 1219 2387 1286 2453; x_wconf 78' lang='lat' dir='ltr'><strong>alie</strong></span> 
     </span>
     <span class='ocr_line' id='line_1_23' title="bbox 125 2487 1288 2571; baseline -0.001 -18"><span class='ocrx_word' id='word_1_186' title='bbox 125 2487 274 2570; x_wconf 76' lang='lat' dir='ltr'><strong>pendeat</strong></span> <span class='ocrx_word' id='word_1_187' title='bbox 289 2491 323 2552; x_wconf 85' lang='lat' dir='ltr'><strong>et</strong></span> <span class='ocrx_word' id='word_1_188' title='bbox 343 2493 419 2568; x_wconf 85' lang='lat' dir='ltr'><strong>epta</strong></span> <span class='ocrx_word' id='word_1_189' title='bbox 434 2490 485 2569; x_wconf 89' lang='lat' dir='ltr'><strong>sit,</strong></span> <span class='ocrx_word' id='word_1_190' title='bbox 501 2487 638 2556; x_wconf 77' lang='lat' dir='ltr'><strong>Hessius</strong></span> <span class='ocrx_word' id='word_1_191' title='bbox 653 2491 694 2556; x_wconf 84' lang='lat' dir='ltr'><strong>ad</strong></span> <span class='ocrx_word' id='word_1_192' title='bbox 708 2490 883 2571; x_wconf 84' lang='lat' dir='ltr'><strong>Reisigium</strong></span> <span class='ocrx_word' id='word_1_193' title='bbox 898 2489 930 2555; x_wconf 85' lang='lat' dir='ltr'><strong>id</strong></span> <span class='ocrx_word' id='word_1_194' title='bbox 944 2505 1068 2568; x_wconf 85' lang='lat' dir='ltr'><strong>nomen,</strong></span> <span class='ocrx_word' id='word_1_195' title='bbox 1082 2490 1168 2569; x_wconf 84' lang='lat' dir='ltr'><strong>quod</strong></span> <span class='ocrx_word' id='word_1_196' title='bbox 1182 2503 1288 2570; x_wconf 83' lang='lat' dir='ltr'><strong>gram·</strong></span> 
     </span>
     <span class='ocr_line' id='line_1_24' title="bbox 126 2584 1287 2670; baseline -0.002 -18"><span class='ocrx_word' id='word_1_197' title='bbox 126 2585 253 2652; x_wconf 83' lang='lat' dir='ltr'><strong>metica</strong></span> <span class='ocrx_word' id='word_1_198' title='bbox 274 2584 500 2666; x_wconf 79' lang='lat' dir='ltr'><strong>significatione</strong></span> <span class='ocrx_word' id='word_1_199' title='bbox 528 2587 653 2653; x_wconf 88' lang='lat' dir='ltr'><strong>dicotur</strong></span> <span class='ocrx_word' id='word_1_200' title='bbox 680 2606 807 2670; x_wconf 77' lang='lat' dir='ltr'><strong>regem,</strong></span> <span class='ocrx_word' id='word_1_201' title='bbox 842 2587 1020 2654; x_wconf 87' lang='lat' dir='ltr'><strong>subiectum</strong></span> <span class='ocrx_word' id='word_1_202' title='bbox 1044 2603 1115 2652; x_wconf 89' lang='lat' dir='ltr'><strong>essa</strong></span> <span class='ocrx_word' id='word_1_203' title='bbox 1138 2585 1233 2651; x_wconf 85' lang='lat' dir='ltr'><strong>alteri</strong></span> <span class='ocrx_word' id='word_1_204' title='bbox 1254 2585 1287 2650; x_wconf 91' lang='lat' dir='ltr'><strong>in</strong></span> 
     </span>
     <span class='ocr_line' id='line_1_25' title="bbox 127 2682 1287 2767; baseline -0.003 -18"><span class='ocrx_word' id='word_1_205' title='bbox 127 2682 295 2749; x_wconf 88' lang='lat' dir='ltr'><strong>nonnullis</strong></span> <span class='ocrx_word' id='word_1_206' title='bbox 318 2683 615 2764; x_wconf 82' lang='lat' dir='ltr'><strong>constructionibus,</strong></span> <span class='ocrx_word' id='word_1_207' title='bbox 639 2691 672 2750; x_wconf 90' lang='lat' dir='ltr'><strong>et</strong></span> <span class='ocrx_word' id='word_1_208' title='bbox 693 2687 732 2750; x_wconf 90' lang='lat' dir='ltr'><strong>dc</strong></span> <span class='ocrx_word' id='word_1_209' title='bbox 754 2685 966 2752; x_wconf 89' lang='lat' dir='ltr'><strong>locutionibus</strong></span> <span class='ocrx_word' id='word_1_210' title='bbox 987 2685 1089 2767; x_wconf 83' lang='lat' dir='ltr'><strong>qualis</strong></span> <span class='ocrx_word' id='word_1_211' title='bbox 1109 2687 1160 2749; x_wconf 89' lang='lat' dir='ltr'><strong>est</strong></span> <span class='ocrx_word' id='word_1_212' title='bbox 1180 2685 1287 2746; x_wconf 74' lang='lat' dir='ltr'><strong>aonios</strong></span> 
     </span>
     <span class='ocr_line' id='line_1_26' title="bbox 128 2780 1285 2865; baseline 0 -20"><span class='ocrx_word' id='word_1_213' title='bbox 128 2785 236 2853; x_wconf 77' lang='lat' dir='ltr'><strong>animi,</strong></span> <span class='ocrx_word' id='word_1_214' title='bbox 259 2780 293 2845; x_wconf 92' lang='lat' dir='ltr'><strong>in</strong></span> <span class='ocrx_word' id='word_1_215' title='bbox 314 2798 449 2861; x_wconf 88' lang='lat' dir='ltr'><strong>quarum</strong></span> <span class='ocrx_word' id='word_1_216' title='bbox 468 2783 625 2848; x_wconf 87' lang='lat' dir='ltr'><strong>nonnullis</strong></span> <span class='ocrx_word' id='word_1_217' title='bbox 641 2784 801 2864; x_wconf 84' lang='lat' dir='ltr'><strong>genitivus</strong></span> <span class='ocrx_word' id='word_1_218' title='bbox 821 2783 959 2849; x_wconf 84' lang='lat' dir='ltr'><strong>ablativo</strong></span> <span class='ocrx_word' id='word_1_219' title='bbox 979 2783 1154 2865; x_wconf 86' lang='lat' dir='ltr'><strong>permutari</strong></span> <span class='ocrx_word' id='word_1_220' title='bbox 1168 2787 1285 2863; x_wconf 86' lang='lat' dir='ltr'><strong>potest,</strong></span> 
     </span>
     <span class='ocr_line' id='line_1_27' title="bbox 128 2877 1285 2963; baseline 0.001 -20"><span class='ocrx_word' id='word_1_221' title='bbox 128 2878 329 2945; x_wconf 84' lang='lat' dir='ltr'><strong>haecdicit:</strong></span> <span class='ocrx_word' id='word_1_222' title='bbox 367 2877 418 2958; x_wconf 90' lang='lat' dir='ltr'><strong>„iu</strong></span> <span class='ocrx_word' id='word_1_223' title='bbox 439 2881 583 2946; x_wconf 89' lang='lat' dir='ltr'><strong>omnibus</strong></span> <span class='ocrx_word' id='word_1_224' title='bbox 612 2882 679 2948; x_wconf 88' lang='lat' dir='ltr'><strong>eius</strong></span> <span class='ocrx_word' id='word_1_225' title='bbox 710 2881 836 2963; x_wconf 82' lang='lat' dir='ltr'><strong>generis</strong></span> <span class='ocrx_word' id='word_1_226' title='bbox 865 2879 1017 2961; x_wconf 85' lang='lat' dir='ltr'><strong>exemplis</strong></span> <span class='ocrx_word' id='word_1_227' title='bbox 1042 2884 1134 2962; x_wconf 83' lang='lat' dir='ltr'><strong>petet</strong></span> <span class='ocrx_word' id='word_1_228' title='bbox 1155 2880 1285 2945; x_wconf 85' lang='lat' dir='ltr'><strong>coniun-</strong></span> 
     </span>
     <span class='ocr_line' id='line_1_28' title="bbox 132 2977 1285 3060; baseline 0.001 -18"><span class='ocrx_word' id='word_1_229' title='bbox 132 2977 273 3043; x_wconf 86' lang='lat' dir='ltr'><strong>ctionem</strong></span> <span class='ocrx_word' id='word_1_230' title='bbox 296 2993 368 3040; x_wconf 91' lang='lat' dir='ltr'><strong>cum</strong></span> <span class='ocrx_word' id='word_1_231' title='bbox 389 2977 525 3056; x_wconf 78' lang='lat' dir='ltr'><strong>genitivo</strong></span> <span class='ocrx_word' id='word_1_232' title='bbox 548 2980 648 3045; x_wconf 92' lang='lat' dir='ltr'><strong>multo</strong></span> <span class='ocrx_word' id='word_1_233' title='bbox 677 2981 827 3046; x_wconf 83' lang='lat' dir='ltr'><strong>artiorem</strong></span> <span class='ocrx_word' id='word_1_234' title='bbox 851 2997 937 3059; x_wconf 86' lang='lat' dir='ltr'><strong>asse,</strong></span> <span class='ocrx_word' id='word_1_235' title='bbox 966 2997 1047 3060; x_wconf 87' lang='lat' dir='ltr'><strong>quae</strong></span> <span class='ocrx_word' id='word_1_236' title='bbox 1070 2980 1102 3044; x_wconf 90' lang='lat' dir='ltr'><strong>in</strong></span> <span class='ocrx_word' id='word_1_237' title='bbox 1124 2979 1285 3044; x_wconf 88' lang='lat' dir='ltr'><strong>notionem</strong></span> 
     </span>
     <span class='ocr_line' id='line_1_29' title="bbox 130 3074 1286 3159; baseline 0.002 -21"><span class='ocrx_word' id='word_1_238' title='bbox 130 3091 284 3155; x_wconf 84' lang='lat' dir='ltr'><strong>magnum</strong></span> <span class='ocrx_word' id='word_1_239' title='bbox 310 3075 374 3138; x_wconf 87' lang='lat' dir='ltr'><strong>vim</strong></span> <span class='ocrx_word' id='word_1_240' title='bbox 399 3074 533 3158; x_wconf 82' lang='lat' dir='ltr'><strong>habeat,</strong></span> <span class='ocrx_word' id='word_1_241' title='bbox 568 3078 707 3159; x_wconf 82' lang='lat' dir='ltr'><strong>genitivo</strong></span> <span class='ocrx_word' id='word_1_242' title='bbox 734 3079 816 3143; x_wconf 89' lang='lat' dir='ltr'><strong>enirn</strong></span> <span class='ocrx_word' id='word_1_243' title='bbox 844 3076 932 3143; x_wconf 92' lang='lat' dir='ltr'><strong>notio</strong></span> <span class='ocrx_word' id='word_1_244' title='bbox 962 3075 1108 3142; x_wconf 88' lang='lat' dir='ltr'><strong>adiectivi</strong></span> <span class='ocrx_word' id='word_1_245' title='bbox 1137 3074 1286 3141; x_wconf 90' lang='lat' dir='ltr'><strong>definitur</strong></span> 
     </span>
     <span class='ocr_line' id='line_1_30' title="bbox 133 3171 1286 3257; baseline 0.003 -21"><span class='ocrx_word' id='word_1_246' title='bbox 133 3176 168 3236; x_wconf 89' lang='lat' dir='ltr'><strong>et</strong></span> <span class='ocrx_word' id='word_1_247' title='bbox 190 3171 348 3236; x_wconf 85' lang='lat' dir='ltr'><strong>ambobus</strong></span> <span class='ocrx_word' id='word_1_248' title='bbox 377 3173 462 3239; x_wconf 89' lang='lat' dir='ltr'><strong>inter</strong></span> <span class='ocrx_word' id='word_1_249' title='bbox 488 3193 523 3240; x_wconf 89' lang='lat' dir='ltr'><strong>se</strong></span> <span class='ocrx_word' id='word_1_250' title='bbox 552 3177 724 3242; x_wconf 90' lang='lat' dir='ltr'><strong>coniunctis</strong></span> <span class='ocrx_word' id='word_1_251' title='bbox 747 3193 810 3240; x_wconf 89' lang='lat' dir='ltr'><strong>una</strong></span> <span class='ocrx_word' id='word_1_252' title='bbox 831 3176 919 3242; x_wconf 90' lang='lat' dir='ltr'><strong>notio</strong></span> <span class='ocrx_word' id='word_1_253' title='bbox 943 3172 1079 3240; x_wconf 85' lang='lat' dir='ltr'><strong>efficitur</strong></span> <span class='ocrx_word' id='word_1_254' title='bbox 1105 3193 1186 3257; x_wconf 86' lang='lat' dir='ltr'><strong>quae</strong></span> <span class='ocrx_word' id='word_1_255' title='bbox 1215 3193 1286 3255; x_wconf 88' lang='lat' dir='ltr'><strong>spe·</strong></span> 
     </span>
     <span class='ocr_line' id='line_1_31' title="bbox 132 3269 1287 3354; baseline 0.002 -20"><span class='ocrx_word' id='word_1_256' title='bbox 132 3269 198 3334; x_wconf 91' lang='lat' dir='ltr'><strong>cies</strong></span> <span class='ocrx_word' id='word_1_257' title='bbox 223 3273 275 3334; x_wconf 88' lang='lat' dir='ltr'><strong>est</strong></span> <span class='ocrx_word' id='word_1_258' title='bbox 296 3269 458 3336; x_wconf 87' lang='lat' dir='ltr'><strong>alterius.“</strong></span> <span class='ocrx_word' id='word_1_259' title='bbox 501 3273 571 3338; x_wconf 85' lang='lat' dir='ltr'><strong>Vox</strong></span> <span class='ocrx_word' id='word_1_260' title='bbox 593 3278 759 3338; x_wconf 68' lang='lat' dir='ltr'><strong>amomum</strong></span> <span class='ocrx_word' id='word_1_261' title='bbox 779 3275 873 3339; x_wconf 86' lang='lat' dir='ltr'><strong>modo</strong></span> <span class='ocrx_word' id='word_1_262' title='bbox 901 3273 946 3338; x_wconf 86' lang='lat' dir='ltr'><strong>sio</strong></span> <span class='ocrx_word' id='word_1_263' title='bbox 974 3277 1127 3354; x_wconf 85' lang='lat' dir='ltr'><strong>usurpata</strong></span> <span class='ocrx_word' id='word_1_264' title='bbox 1149 3278 1213 3350; x_wconf 87' lang='lat' dir='ltr'><strong>est,</strong></span> <span class='ocrx_word' id='word_1_265' title='bbox 1250 3275 1287 3336; x_wconf 88' lang='lat' dir='ltr'><strong>ut</strong></span> 
     </span>
     <span class='ocr_line' id='line_1_32' title="bbox 131 3367 1288 3454; baseline 0.003 -22"><span class='ocrx_word' id='word_1_266' title='bbox 131 3367 326 3432; x_wconf 86' lang='lat' dir='ltr'><strong>attributum</strong></span> <span class='ocrx_word' id='word_1_267' title='bbox 348 3368 381 3433; x_wconf 94' lang='lat' dir='ltr'><strong>id</strong></span> <span class='ocrx_word' id='word_1_268' title='bbox 401 3385 514 3435; x_wconf 89' lang='lat' dir='ltr'><strong>nomen</strong></span> <span class='ocrx_word' id='word_1_269' title='bbox 538 3389 608 3436; x_wconf 90' lang='lat' dir='ltr'><strong>esse</strong></span> <span class='ocrx_word' id='word_1_270' title='bbox 631 3373 804 3453; x_wconf 88' lang='lat' dir='ltr'><strong>diceretur,</strong></span> <span class='ocrx_word' id='word_1_271' title='bbox 834 3373 919 3453; x_wconf 88' lang='lat' dir='ltr'><strong>quod</strong></span> <span class='ocrx_word' id='word_1_272' title='bbox 941 3372 974 3436; x_wconf 93' lang='lat' dir='ltr'><strong>in</strong></span> <span class='ocrx_word' id='word_1_273' title='bbox 996 3373 1135 3454; x_wconf 84' lang='lat' dir='ltr'><strong>genitivo</strong></span> <span class='ocrx_word' id='word_1_274' title='bbox 1158 3377 1208 3436; x_wconf 87' lang='lat' dir='ltr'><strong>est</strong></span> <span class='ocrx_word' id='word_1_275' title='bbox 1229 3388 1288 3450; x_wconf 86' lang='lat' dir='ltr'><strong>po·</strong></span> 
     </span>
     <span class='ocr_line' id='line_1_33' title="bbox 133 3464 1286 3550; baseline 0.002 -21"><span class='ocrx_word' id='word_1_276' title='bbox 133 3466 246 3546; x_wconf 89' lang='lat' dir='ltr'><strong>situm,</strong></span> <span class='ocrx_word' id='word_1_277' title='bbox 278 3464 371 3532; x_wconf 89' lang='lat' dir='ltr'><strong>modo</strong></span> <span class='ocrx_word' id='word_1_278' title='bbox 394 3467 454 3544; x_wconf 91' lang='lat' dir='ltr'><strong>sic,</strong></span> <span class='ocrx_word' id='word_1_279' title='bbox 481 3472 518 3533; x_wconf 89' lang='lat' dir='ltr'><strong>ut</strong></span> <span class='ocrx_word' id='word_1_280' title='bbox 540 3469 676 3535; x_wconf 88' lang='lat' dir='ltr'><strong>alterum</strong></span> <span class='ocrx_word' id='word_1_281' title='bbox 698 3487 812 3535; x_wconf 91' lang='lat' dir='ltr'><strong>nomen</strong></span> <span class='ocrx_word' id='word_1_282' title='bbox 834 3471 1024 3535; x_wconf 86' lang='lat' dir='ltr'><strong>attributum</strong></span> <span class='ocrx_word' id='word_1_283' title='bbox 1048 3470 1209 3535; x_wconf 88' lang='lat' dir='ltr'><strong>diceretur</strong></span> <span class='ocrx_word' id='word_1_284' title='bbox 1230 3487 1286 3550; x_wconf 82' lang='lat' dir='ltr'><strong>ge·</strong></span> 
     </span>
     <span class='ocr_line' id='line_1_34' title="bbox 131 3563 1285 3649; baseline 0.004 -24"><span class='ocrx_word' id='word_1_285' title='bbox 131 3563 232 3629; x_wconf 82' lang='lat' dir='ltr'><strong>uitivi.</strong></span> <span class='ocrx_word' id='word_1_286' title='bbox 272 3563 450 3645; x_wconf 89' lang='lat' dir='ltr'><strong>Utrumque</strong></span> <span class='ocrx_word' id='word_1_287' title='bbox 472 3565 505 3630; x_wconf 92' lang='lat' dir='ltr'><strong>in</strong></span> <span class='ocrx_word' id='word_1_288' title='bbox 528 3567 660 3648; x_wconf 83' lang='lat' dir='ltr'><strong>singulis</strong></span> <span class='ocrx_word' id='word_1_289' title='bbox 683 3569 833 3649; x_wconf 85' lang='lat' dir='ltr'><strong>ereurplis</strong></span> <span class='ocrx_word' id='word_1_290' title='bbox 855 3587 918 3633; x_wconf 92' lang='lat' dir='ltr'><strong>non</strong></span> <span class='ocrx_word' id='word_1_291' title='bbox 939 3566 1054 3634; x_wconf 85' lang='lat' dir='ltr'><strong>lalsum</strong></span> <span class='ocrx_word' id='word_1_292' title='bbox 1076 3573 1134 3646; x_wconf 87' lang='lat' dir='ltr'><strong>est,</strong></span> <span class='ocrx_word' id='word_1_293' title='bbox 1156 3565 1285 3632; x_wconf 89' lang='lat' dir='ltr'><strong>sedvel</strong></span> 
     </span>
     <span class='ocr_line' id='line_1_35' title="bbox 132 3660 1285 3746; baseline 0.005 -24"><span class='ocrx_word' id='word_1_294' title='bbox 132 3667 268 3740; x_wconf 89' lang='lat' dir='ltr'><strong>propter</strong></span> <span class='ocrx_word' id='word_1_295' title='bbox 289 3660 370 3726; x_wconf 89' lang='lat' dir='ltr'><strong>hanc</strong></span> <span class='ocrx_word' id='word_1_296' title='bbox 392 3663 579 3729; x_wconf 82' lang='lat' dir='ltr'><strong>varietatem</strong></span> <span class='ocrx_word' id='word_1_297' title='bbox 602 3670 634 3729; x_wconf 91' lang='lat' dir='ltr'><strong>et</strong></span> <span class='ocrx_word' id='word_1_298' title='bbox 655 3665 764 3730; x_wconf 89' lang='lat' dir='ltr'><strong>multis</strong></span> <span class='ocrx_word' id='word_1_299' title='bbox 786 3667 856 3730; x_wconf 87' lang='lat' dir='ltr'><strong>aliis</strong></span> <span class='ocrx_word' id='word_1_300' title='bbox 876 3683 1002 3746; x_wconf 88' lang='lat' dir='ltr'><strong>quoque</strong></span> <span class='ocrx_word' id='word_1_301' title='bbox 1028 3668 1067 3731; x_wconf 91' lang='lat' dir='ltr'><strong>de</strong></span> <span class='ocrx_word' id='word_1_302' title='bbox 1088 3665 1192 3732; x_wconf 87' lang='lat' dir='ltr'><strong>causis</strong></span> <span class='ocrx_word' id='word_1_303' title='bbox 1207 3664 1285 3728; x_wconf 88' lang='lat' dir='ltr'><strong>haec</strong></span> 
     </span>
     <span class='ocr_line' id='line_1_36' title="bbox 133 3762 1284 3844; baseline 0.007 -24"><span class='ocrx_word' id='word_1_304' title='bbox 133 3772 194 3820; x_wconf 83' lang='lat' dir='ltr'><strong>vox</strong></span> <span class='ocrx_word' id='word_1_305' title='bbox 218 3777 282 3822; x_wconf 89' lang='lat' dir='ltr'><strong>non</strong></span> <span class='ocrx_word' id='word_1_306' title='bbox 306 3767 382 3839; x_wconf 86' lang='lat' dir='ltr'><strong>apta</strong></span> <span class='ocrx_word' id='word_1_307' title='bbox 405 3764 463 3839; x_wconf 89' lang='lat' dir='ltr'><strong>est,</strong></span> <span class='ocrx_word' id='word_1_308' title='bbox 487 3779 568 3841; x_wconf 85' lang='lat' dir='ltr'><strong>quac</strong></span> <span class='ocrx_word' id='word_1_309' title='bbox 590 3781 647 3843; x_wconf 91' lang='lat' dir='ltr'><strong>pro</strong></span> <span class='ocrx_word' id='word_1_310' title='bbox 668 3762 872 3828; x_wconf 85' lang='lat' dir='ltr'><strong>fundamento</strong></span> <span class='ocrx_word' id='word_1_311' title='bbox 895 3766 986 3844; x_wconf 86' lang='lat' dir='ltr'><strong>quasi</strong></span> <span class='ocrx_word' id='word_1_312' title='bbox 1009 3766 1108 3828; x_wconf 87' lang='lat' dir='ltr'><strong>totius</strong></span> <span class='ocrx_word' id='word_1_313' title='bbox 1130 3781 1208 3830; x_wconf 88' lang='lat' dir='ltr'><strong>usus</strong></span> <span class='ocrx_word' id='word_1_314' title='bbox 1230 3781 1284 3844; x_wconf 85' lang='lat' dir='ltr'><strong>ge·</strong></span> 
     </span>
     <span class='ocr_line' id='line_1_37' title="bbox 132 3854 1284 3943; baseline 0.007 -27"><span class='ocrx_word' id='word_1_315' title='bbox 132 3854 224 3918; x_wconf 87' lang='lat' dir='ltr'><strong>nitivi</strong></span> <span class='ocrx_word' id='word_1_316' title='bbox 247 3855 365 3921; x_wconf 84' lang='lat' dir='ltr'><strong>habere</strong></span> <span class='ocrx_word' id='word_1_317' title='bbox 386 3860 496 3939; x_wconf 86' lang='lat' dir='ltr'><strong>possit.</strong></span> <span class='ocrx_word' id='word_1_318' title='bbox 540 3862 731 3942; x_wconf 84' lang='lat' dir='ltr'><strong>Discrimen,</strong></span> <span class='ocrx_word' id='word_1_319' title='bbox 762 3863 846 3942; x_wconf 90' lang='lat' dir='ltr'><strong>quod</strong></span> <span class='ocrx_word' id='word_1_320' title='bbox 868 3864 1060 3928; x_wconf 90' lang='lat' dir='ltr'><strong>recentiores</strong></span> <span class='ocrx_word' id='word_1_321' title='bbox 1087 3861 1284 3943; x_wconf 84' lang='lat' dir='ltr'><strong>grammatici</strong></span> 
     </span>
     <span class='ocr_line' id='line_1_38' title="bbox 133 3949 1284 4039; baseline 0.01 -26"><span class='ocrx_word' id='word_1_322' title='bbox 133 3949 256 4016; x_wconf 87' lang='lat' dir='ltr'><strong>faciunt</strong></span> <span class='ocrx_word' id='word_1_323' title='bbox 280 3955 532 4021; x_wconf 81' lang='lat' dir='ltr'><strong>internetionem</strong></span> <span class='ocrx_word' id='word_1_324' title='bbox 548 3959 676 4038; x_wconf 83' lang='lat' dir='ltr'><strong>genitivi</strong></span> <span class='ocrx_word' id='word_1_325' title='bbox 691 3959 910 4024; x_wconf 86' lang='lat' dir='ltr'><strong>attributivsm</strong></span> <span class='ocrx_word' id='word_1_326' title='bbox 931 3967 965 4025; x_wconf 89' lang='lat' dir='ltr'><strong>et</strong></span> <span class='ocrx_word' id='word_1_327' title='bbox 980 3958 1176 4038; x_wconf 85' lang='lat' dir='ltr'><strong>obiectivem,</strong></span> <span class='ocrx_word' id='word_1_328' title='bbox 1200 3961 1284 4039; x_wconf 90' lang='lat' dir='ltr'><strong>quod</strong></span> 
     </span>
     <span class='ocr_line' id='line_1_39' title="bbox 132 4047 1285 4137; baseline 0.01 -28"><span class='ocrx_word' id='word_1_329' title='bbox 132 4047 270 4112; x_wconf 84' lang='lat' dir='ltr'><strong>fortasse</strong></span> <span class='ocrx_word' id='word_1_330' title='bbox 292 4055 469 4118; x_wconf 88' lang='lat' dir='ltr'><strong>necessario</strong></span> <span class='ocrx_word' id='word_1_331' title='bbox 492 4072 687 4136; x_wconf 89' lang='lat' dir='ltr'><strong>consequeus</strong></span> <span class='ocrx_word' id='word_1_332' title='bbox 710 4063 760 4122; x_wconf 84' lang='lat' dir='ltr'><strong>est</strong></span> <span class='ocrx_word' id='word_1_333' title='bbox 783 4077 821 4122; x_wconf 85' lang='lat' dir='ltr'><strong>cx</strong></span> <span class='ocrx_word' id='word_1_334' title='bbox 843 4063 912 4123; x_wconf 85' lang='lat' dir='ltr'><strong>tota</strong></span> <span class='ocrx_word' id='word_1_335' title='bbox 935 4076 1045 4123; x_wconf 88' lang='lat' dir='ltr'><strong>eorum</strong></span> <span class='ocrx_word' id='word_1_336' title='bbox 1066 4057 1230 4137; x_wconf 84' lang='lat' dir='ltr'><strong>disciplina</strong></span> <span class='ocrx_word' id='word_1_337' title='bbox 1252 4062 1285 4122; x_wconf 87' lang='lat' dir='ltr'><strong>et</strong></span> 
     </span>
     <span class='ocr_line' id='line_1_40' title="bbox 135 4148 1284 4242; baseline 0.01 -37"><span class='ocrx_word' id='word_1_338' title='bbox 135 4148 361 4222; x_wconf 78' lang='lat' dir='ltr'><strong>grammaticae</strong></span> <span class='ocrx_word' id='word_1_339' title='bbox 383 4151 605 4234; x_wconf 82' lang='lat' dir='ltr'><strong>descriptione,</strong></span> <span class='ocrx_word' id='word_1_340' title='bbox 630 4158 662 4218; x_wconf 91' lang='lat' dir='ltr'><strong>et</strong></span> <span class='ocrx_word' id='word_1_341' title='bbox 681 4155 823 4236; x_wconf 89' lang='lat' dir='ltr'><strong>inprimis</strong></span> <span class='ocrx_word' id='word_1_342' title='bbox 845 4155 884 4221; x_wconf 91' lang='lat' dir='ltr'><strong>K.</strong></span> <span class='ocrx_word' id='word_1_343' title='bbox 907 4157 941 4220; x_wconf 89' lang='lat' dir='ltr'><strong>F.</strong></span> <span class='ocrx_word' id='word_1_344' title='bbox 963 4155 1098 4222; x_wconf 88' lang='lat' dir='ltr'><strong>Beckeri</strong></span> <span class='ocrx_word' id='word_1_345' title='bbox 1119 4156 1284 4242; x_wconf 81' lang='lat' dir='ltr'><strong>sententia,</strong></span> 
     </span>
     <span class='ocr_line' id='line_1_41' title="bbox 136 4246 1283 4334; baseline 0.013 -32"><span class='ocrx_word' id='word_1_346' title='bbox 136 4257 229 4303; x_wconf 88' lang='lat' dir='ltr'><strong>usum</strong></span> <span class='ocrx_word' id='word_1_347' title='bbox 252 4246 475 4314; x_wconf 86' lang='lat' dir='ltr'><strong>attributivum</strong></span> <span class='ocrx_word' id='word_1_348' title='bbox 500 4251 629 4331; x_wconf 82' lang='lat' dir='ltr'><strong>genitivi</strong></span> <span class='ocrx_word' id='word_1_349' title='bbox 652 4272 690 4318; x_wconf 85' lang='lat' dir='ltr'><strong>ex</strong></span> <span class='ocrx_word' id='word_1_350' title='bbox 714 4254 869 4319; x_wconf 86' lang='lat' dir='ltr'><strong>obiective</strong></span> <span class='ocrx_word' id='word_1_351' title='bbox 890 4253 984 4318; x_wconf 89' lang='lat' dir='ltr'><strong>huius</strong></span> <span class='ocrx_word' id='word_1_352' title='bbox 1007 4271 1100 4319; x_wconf 86' lang='lat' dir='ltr'><strong>casus</strong></span> <span class='ocrx_word' id='word_1_353' title='bbox 1129 4250 1283 4334; x_wconf 82' lang='lat' dir='ltr'><strong>significa·</strong></span> 
     </span>
    </p>
   </div>
   <div class='ocr_carea' id='block_1_3' title="bbox 0 0 1544 4758">
    <p class='ocr_par' dir='ltr' id='par_1_4' title="bbox 0 0 1544 4758">
     <span class='ocr_line' id='line_1_42' title="bbox 0 0 1544 4758; baseline 0 0"><span class='ocrx_word' id='word_1_354' title='bbox 0 0 1544 4758; x_wconf 95' lang='lat' dir='ltr'><strong> </strong></span> 
     </span>
    </p>
   </div>
  </div>
 </body>
</html>
