3058 4766
198 263 258 318 124
631 253 782 292 SUBS'I'AN'I'.
799 251 861 292 CAP.
876 249 918 290 ΙΙΙ.

198 428 236 487 ob
259 428 382 487 mamas
402 428 485 494 atria
508 423 548 489 de
571 441 633 505 quo
657 425 726 490 ioco
748 425 894 504 Kampm.
918 422 937 487 l.
962 440 987 487 c.
1010 421 1090 485 haec
1113 417 1226 482 habet:
1262 416 1300 496 ‚‚i.
1326 435 1352 481 e.

200 523 255 601 qui
277 518 489 602 proficiscitur
511 522 551 586 ab
575 522 706 586 summis
729 522 820 600 viris3
842 539 915 585 nam
939 520 979 584 de
1003 518 1129 599 generis
1146 515 1267 594 origine
1283 513 1314 576 h.
1332 513 1352 577 l.

201 619 345 700 cogitare
367 619 488 698 nequit,
512 619 586 698 quia
608 618 671 682 iam
694 619 818 684 duobus
840 618 985 683 versibus
1008 619 1082 679 ante
1105 614 1144 678 de
1168 628 1285 692 genere
1307 609 1355 672 in·

198 720 381 796 terrogatns
403 716 616 795 responderat
643 722 676 780 et
705 715 839 780 Plautus
866 717 898 778 in
925 712 1120 793 designanda
1148 709 1270 789 origine
1298 710 1355 770 aut

172 813 265 877 solo
292 813 430 878 ablativo
465 813 568 877 utitur
599 819 656 878 aut
683 813 799 877 additis
829 813 865 873 de
890 811 942 875 vel
972 829 1008 871 ea
1034 801 1354 888 praepositionibus.“

197 910 342 974 Pertinet
367 910 429 974 huo
461 929 499 975 ex
527 910 737 991 Kampmanni
768 909 851 974 libro
886 908 912 987 Ι,
945 912 972 971 9.
1017 906 1145 970 Terent.
1175 903 1272 967 Andr.
1296 899 1354 979 ΙΙΙ,

199 1011 228 1085 2,
254 1013 308 1070 12:
332 1011 356 1070 0
380 1011 473 1084 Dave,
496 1013 559 1069 itan
584 1017 758 1071 contemnor
781 1009 834 1069 obs
856 1009 902 1067 te?
947 1003 1079 1084 Adelph.
1095 1002 1134 1082 V,
1158 1009 1188 1079 4,
1211 1005 1268 1064 aa:
1291 1003 1355 1075 Ego

201 1124 316 1182 quoque
346 1125 365 1165 a
393 1109 465 1166 meh
496 1126 543 1166 me
572 1110 665 1168 amari
695 1114 726 1165 et
759 1108 858 1180 magni
885 1106 977 1179 pendi
1005 1105 1132 1179 postulo.
1181 1099 1298 1162 Heaut.
1329 1096 1354 1174 Ι,

202 1206 230 1278 i,
257 1206 511 1278 lampernessam
535 1221 555 1262 o
576 1221 622 1262 me
644 1210 817 1263 maxumest
854 1199 981 1264 Phorm.
999 1199 1041 1277 ΙΙ,
1066 1203 1095 1276 2,
1118 1203 1171 1260 23:
1196 1199 1262 1257 Non
1286 1202 1355 1270 pote

200 1302 273 1360 satis
296 1319 351 1374 pro
375 1301 484 1360 merito
508 1303 546 1360 ob
567 1303 620 1360 iilo
643 1303 697 1360 tibi
720 1299 828 1360 referri
851 1301 956 1374 gratia.
1002 1296 1060 1361 Ad.
1085 1294 1110 1374 Ι,
1134 1299 1163 1374 2,
1188 1297 1242 1358 38:
1273 1295 1354 1352 dabi-

200 1406 248 1458 tur
272 1415 291 1457 a
312 1416 358 1458 me
379 1405 544 1472 argeutum.
590 1398 667 1461 Hec.
692 1396 716 1475 I,
741 1401 768 1476 2,
794 1399 849 1460 7οτ
882 1399 1067 1471 Narratque,
1102 1401 1135 1454 ut
1166 1394 1247 1467 virgo
1269 1392 1307 1450 ob
1328 1407 1357 1450 se

199 1497 316 1570 integra
338 1498 428 1555 etiam
452 1503 512 1556 tum
536 1499 601 1558 siet.

286 1589 400 1654 Naevii
422 1589 534 1671 fragm.
559 1592 766 1658 Glaucomae:
802 1593 880 1668 quod
903 1592 938 1650 dc
960 1607 992 1649 eo
1015 1590 1133 1663 opsonio
1160 1589 1236 1647 Stilo
1263 1587 1304 1645 mi
1326 1586 1357 1642 in

200 1707 319 1750 manum
340 1693 479 1764 pupugit,
511 1690 584 1754 vide
608 1692 648 1754 de
670 1691 701 1753 h.
724 1690 744 1753 l.
764 1688 904 1752 Klussm.
932 1705 962 1766 p.
990 1690 1065 1763 152,
1098 1684 1152 1764 qui
1175 1686 1212 1744 de
1236 1683 1358 1744 obsonio

203 1784 340 1864 explicat
362 1801 421 1863 per
442 1797 568 1861 propter
590 1791 753 1849 obsonium.
798 1785 893 1848 Ennii
915 1782 1050 1862 Telephi
1070 1780 1108 1845 fr.
1128 1785 1181 1845 10:
1204 1784 1358 1855 Deumque

200 1885 235 1942 de
257 1883 377 1943 condito
398 1886 453 1943 hoc
480 1887 570 1944 itiner
601 1887 691 1946 eredo
719 1892 856 1944 conatum
883 1883 980 1944 modo.
1025 1879 1129 1943 Plaut.
1155 1877 1239 1941 Men.
1263 1875 1305 1953 ΙΙ,
1331 1879 1358 1952 i,

201 1983 257 2040 41:
283 1982 344 2040 lom
369 2000 422 2055 aps
443 1988 474 2041 te
502 1989 600 2043 metuo
622 1983 657 2041 de
678 1983 774 2042 umba
796 1981 863 2050 tois,
885 1979 915 2043 h.
933 1995 960 2042 e.
982 1976 1155 2041 secundum
1174 1974 1274 2038 verba
1293 1978 1358 2036 tua.

202 2074 294 2138 Truc.
311 2074 354 2154 ΙΙ,
370 2080 399 2154 8,
417 2081 449 2139 2;
473 2081 549 2138 Nam
569 2081 641 2138 mihi
656 2081 692 2138 de
705 2084 790 2139 ocoto
806 2082 931 2140 miserae
949 2077 1101 2137 condoluit
1117 2082 1215 2149 caput.
1244 2070 1358 2135 Pseud.

202 2170 244 2250 Π,
268 2176 296 2249 2,
321 2175 375 2235 66:
399 2177 474 2234 Nam
498 2182 531 2235 ut
553 2179 650 2236 lassus
672 2179 740 2236 veni
763 2177 798 2236 ae
819 2177 879 2236 oio.
926 2172 1016 2252 Capt.
1033 2170 1113 2251 prol.
1129 2189 1158 2234 v.
1175 2173 1230 2234 48:
1254 2173 1357 2246 ltaque

203 2271 234 2328 hi
257 2274 408 2330 conmenti
430 2272 465 2331 de
486 2291 543 2334 eoo
564 2276 723 2343 sententio,
751 2290 780 2336 v,
802 2272 912 2336 Lamh.
936 2272 1022 2335 Asin.
1047 2269 1072 2346 l,
1097 2275 1124 2348 3,
1150 2271 1204 2330 58;
1238 2267 1361 2328 meede

203 2367 300 2427 studio
323 2370 420 2428 studia
443 2379 529 2430 erant
552 2378 652 2431 vostre
675 2374 782 2446 omnia,
805 2370 835 2433 h.
860 2387 887 2434 e.
910 2369 942 2432 id
965 2368 1069 2432 solum
1092 2383 1188 2446 ogere
1211 2362 1361 2428 studeba-

204 2463 256 2540 tis,
280 2464 365 2542 quod
380 2464 457 2526 mihi
472 2466 628 2545 placebat.
664 2466 733 2531 Cae.
751 2467 793 2546 ΙΙ,
811 2471 839 2546 6,
857 2471 910 2531 63:
933 2469 981 2526 De
1004 2469 1102 2526 labore
1123 2472 1230 2539 pectus
1253 2462 1359 2522 tundit.

204 2558 299 2624 Most.
323 2561 383 2639 ΙΙΙ,
408 2566 436 2640 2,
462 2567 520 2626 86:
553 2565 589 2624 de
610 2567 739 2639 exemplo
761 2585 823 2626 meo
852 2569 920 2642 Ipse
949 2565 1113 2625 aedificato.
1158 2559 1241 2623 Men.
1265 2557 1303 2636 V,
1332 2563 1360 2635 5,

206 2661 260 2721 32:
294 2661 329 2721 de
355 2661 417 2720 iilis
438 2662 536 2721 verbm
564 2679 634 2723 cave
663 2665 726 2723 tibi.
772 2662 860 2741 Capt.
884 2660 944 2739 ΙΙΙ,
975 2667 1002 2739 1,
1028 2664 1082 2722 24:
1117 2661 1189 2719 scivi
1212 2658 1361 2730 extemplo

206 2773 269 2816 rem
292 2760 327 2817 de
350 2761 527 2832 conpecton)
551 2763 623 2836 geri.
667 2758 783 2823 Pseud.
807 2758 832 2838 I,
865 2765 894 2840 5,
927 2761 1002 2821 126:
1036 2759 1072 2817 de
1093 2761 1226 2830 conpecto
1247 2756 1361 2816 faciunt

207 2857 337 2915 consutis
366 2857 451 2916 dolis.
496 2854 642 2920 Pertinet
671 2856 732 2922 huc
760 2875 777 2920 e
803 2855 983 2935 Kampanni
1009 2854 1090 2919 libro
1125 2853 1163 2917 de
1193 2856 1248 2914 DE
1279 2855 1361 2932 part.

205 2965 267 3013 usn
288 2949 436 3014 Plautino
465 2969 512 3014 nr.
539 2957 577 3015 10
605 2957 638 3016 et
663 2957 709 3017 12.
754 2954 919 3034 Apponam
948 2952 1046 3017 verba
1076 2949 1192 3014 Handii
1223 2950 1256 3012 in
1278 2949 1359 3012 Tur·

206 3045 317 3111 sellino
333 3047 375 3128 ΙΙ,
398 3066 427 3128 p.
453 3053 529 3113 214:
554 3051 657 3128 „quod
678 3053 713 3111 dc
733 3053 837 3125 aliqua
859 3069 892 3111 re
910 3047 956 3126 fit,
980 3065 1018 3112 ex
1039 3065 1077 3112 ea
1097 3045 1265 3111 deducitur
1280 3047 1358 3110 eius-

206 3161 267 3223 que
291 3147 419 3210 modum
442 3145 588 3227 sequitur
611 3151 644 3210 et
666 3147 807 3211 decurrit
826 3147 916 3226 quasi
937 3164 995 3226 per
1014 3145 1174 3226 regionem
1199 3143 1276 3207 eius.
1306 3141 1362 3206 Se·

206 3243 322 3319 quendi
339 3243 499 3306 notionem
516 3243 667 3308 Germani
683 3248 793 3308 tenent
814 3243 846 3307 in
860 3244 957 3308 verbo
974 3241 1065 3321 uod.
1111 3241 1183 3305 Huc
1202 3241 1363 3320 pertinent

205 3336 359 3402 formulae
374 3341 409 3399 dc
423 3343 567 3402 sententio
582 3343 718 3410 alicuius,
734 3344 769 3402 de
783 3345 912 3412 coasilio,
939 3343 975 3402 de
989 3343 1146 3408 volontate,
1170 3339 1205 3398 de
1221 3338 1361 3412 coempto,

207 3437 242 3496 de
262 3453 350 3504 more,
373 3436 408 3498 de
430 3444 583 3512 comporto,
607 3437 679 3520 uod)
702 3435 954 3524 herabsetuan‘

291 3531 394 3596 Plaut.
408 3532 493 3597 Men.
505 3533 560 3614 IV,
577 3540 605 3613 3,
623 3541 654 3600 3:
677 3539 731 3597 tibi
747 3553 783 3597 ec
797 3557 842 3598 me
857 3545 890 3599 nt
905 3541 944 3599 sit
959 3543 1055 3612 volup.
1079 3529 1194 3598 Bacch.
1207 3529 1246 3610 V,
1264 3534 1292 3608 1,
1308 3531 1363 3592 27:

208 3632 285 3706 Quid
308 3635 363 3692 tibi
384 3649 420 3691 ec
441 3633 504 3704 filio
525 3649 603 3707 nam,
627 3651 762 3709 opsecro,
786 3637 927 3711 aegrest?
963 3633 1090 3698 Terent.
1108 3629 1205 3694 Andr.
1220 3627 1246 3706 I,
1263 3633 1292 3703 5,
1308 3631 1363 3689 33:

205 3731 339 3790 Laborat
361 3746 375 3789 e
397 3730 496 3788 dotare
510 3744 598 3804 atque
615 3748 651 3788 ec
665 3732 719 3791 hoc
739 3735 849 3793 misera
871 3735 1039 3807 sollicitam,
1063 3727 1127 3807 uhi,
1151 3730 1187 3790 nt
1202 3723 1363 3789 Iacobsius

206 3824 293 3905 dicit,
310 3843 368 3905 pro
384 3825 445 3890 abl.
462 3824 609 3905 principii
625 3828 719 3891 etiam
735 3829 810 3907 poni
824 3831 953 3908 poterat
967 3827 1123 3892 ablatiurs
1137 3823 1234 3888 medii
1248 3821 1366 3886 omissa

205 3923 452 4004 praepositione.
489 3921 624 4002 Adelph.
646 3923 687 4004 Il,
715 3933 740 4005 l,
765 3931 820 3990 22:
848 3929 880 3988 Si
902 3927 1100 4003 possiderem,
1135 3930 1257 3985 ornatus
1281 3937 1363 3981 esses

208 4038 245 4081 eo·
267 4023 515 4084 matematicos.
565 4023 662 4088 Andr.
678 4023 704 4102 Ι,
727 4029 756 4102 3,
780 4029 833 4088 li:
856 4026 977 4101 gravida
1000 4042 1014 4084 e
1036 4023 1229 4097 Pamphilost.

278 4231 313 4298 ⁸¹)
335 4233 379 4289 Sic
392 4235 472 4289 scribi
486 4236 544 4290 vult
557 4236 726 4292 Fleckeisen.
747 4251 834 4291 exerc.
848 4237 936 4291 Plaut.
957 4251 984 4304 p.
1004 4237 1040 4288 28
1057 4250 1107 4303 pro
1125 4232 1196 4300 vulg.
1215 4235 1361 4300 compacto.
