3070 4758
225 279 287 337 Μ
664 265 820 310 dmm.
844 267 908 310 GAP.
923 267 966 311 m.

224 445 288 506 lass
310 443 474 504 1111111311
496 443 582 503 malr.
627 439 756 507 Terent.
786 440 902 507 Heeut
935 439 990 519 IV,
1014 444 1042 519 3,
1067 443 1123 506 iit
1156 443 1226 504 dum
1246 442 1296 504 tet
1316 459 1384 504 core
1514 399 1515 410 ἵ

225 542 320 603 ulus.
364 535 464 604 Nasu.
497 537 536 603 ir.
562 539 623 604 inc.
651 555 730 604 com.
752 543 809 618 20,
844 555 873 603 1.
895 542 974 604 ele:
1022 541 1077 600 Vel
1103 557 1179 616 qaae
1215 551 1319 617 sperat
1349 559 1382 602 111

222 643 387 714 usptwum
422 639 564 712 virginum
599 639 824 700 adolescentulo.
869 635 996 702 Terent
1025 633 1159 715 Adelph
1190 635 1244 714 IV,
1269 640 1298 712 t,
1322 641 1382 702 3⁷:
1514 689 1515 712 ,

224 735 338 798 necor
359 733 687 811 torristonam?
729 733 825 798 Ennii
847 732 950 798 aunei.
973 732 993 796 l.
1016 731 1043 812 Ι,
1073 730 1110 796 fr.
1135 737 1193 798 48:
1223 739 1383 812 Postquam
1514 739 1515 764 ³

225 834 363 896 consistit
386 831 493 894 fluvius
516 834 567 908 qui
588 838 636 893 cst
658 832 785 893 omnihu'
806 834 957 908 princeps.
990 827 1094 896 Plaut
1118 831 1199 896 Rau.
1222 830 1248 909 Ι,
1272 835 1301 911 2,
1326 835 1379 896 58:

226 931 331 992 Amori
354 932 429 990 haec
451 938 547 1007 curet,
570 932 673 990 tritico
696 938 783 991 caret
805 931 907 991 Ceres.
952 927 1034 994 Rud.
1057 927 1083 1008 1,
1106 932 1135 1007 2,
1159 933 1216 994 92:
1245 932 1309 992 Illis
1332 948 1382 990 cu·

224 1029 348 1090 randum
371 1043 489 1100 censeo,
513 1027 686 1102 Sceparnio.
730 1025 815 1090 Tria.
843 1024 898 1104 IV,
922 1029 951 1104 3,
975 1029 1032 1090 50:
1071 1028 1125 1088 Set
1146 1045 1202 1104 ego
1224 1045 1287 1089 sam
1310 1027 1382 1087 insi·

224 1127 357 1202 pientlor
382 1125 432 1199 qui
459 1125 549 1186 rebus
578 1141 680 1185 curem
701 1125 841 1199 puplicis.
885 1121 971 1187 Tria.
1008 1139 1037 1188 v,
1062 1127 1140 1189 204:
1185 1129 1242 1202 Qui
1264 1129 1384 1187 illorum
1515 1171 1516 1218 ,

224 1223 325 1284 vernia
347 1221 432 1282 loisis
455 1229 599 1296 acceptor
620 1221 672 1282 iai.
705 1218 797 1285 Ourc.
820 1218 863 1298 Π,
886 1225 915 1300 3,
941 1225 998 1286 19:
1023 1223 1119 1284 vitent
1139 1222 1318 1305 infortunio,
1341 1219 1383 1285 ad

225 1334 257 1399 q.
280 1318 300 1382 l.
323 1315 503 1382 Gronovius
525 1314 621 1382 affert
643 1315 714 1382 Ges.
736 1316 786 1396 ΙΙ,
820 1321 855 1396 2,
885 1321 939 1382 35:
984 1321 1109 1396 Semper
1135 1329 1168 1382 tu
1190 1321 1259 1382 huic
1291 1322 1383 1382 verno

229 1419 324 1479 vitato
346 1417 399 1478 abs
421 1422 473 1476 tuo
496 1417 570 1478 viro.
608 1412 671 1480 GL.
709 1417 786 1491 Qdoi
806 1415 919 1476 verbo?
957 1414 1000 1494 (h.
1024 1435 1051 1481 e.
1081 1433 1210 1497 operam
1233 1415 1321 1492 dato,
1344 1433 1383 1480 ne

199 1519 202 1526 '
226 1512 288 1578 hoc
310 1511 443 1579 verbum
465 1511 604 1591 eudiss),
625 1511 703 1576 item
718 1509 815 1577 Pcen.
835 1512 916 1592 prol.
939 1530 968 1579 v.
992 1516 1048 1578 25:
1071 1517 1168 1581 vitent
1189 1517 1316 1591 ancipiti
1338 1518 1383 1576 in-

226 1611 367 1674 fortunio.
413 1608 596 1674 Gronovius
616 1608 708 1674 addit
727 1608 807 1675 hacc
834 1610 920 1676 dictu
943 1627 1013 1675 esse
1040 1609 1152 1676 eodem
1179 1611 1290 1688 modo,
1319 1627 1382 1691 quo
1515 1691 1516 1694 Ἴ

227 1723 324 1787 saepo
357 1704 442 1786 apud
464 1705 614 1772 Plautum
640 1709 719 1769 malo
742 1725 859 1772 curere.
902 1706 998 1772 Poen.
1036 1707 1076 1789 V,
1099 1714 1129 1787 4,
1153 1713 1208 1772 74:
1244 1728 1300 1785 pro
1325 1712 1381 1770 hoc

226 1808 299 1868 mihi
321 1813 465 1883 petronus
486 1807 542 1866 sim
564 1813 728 1867 necessest
772 1803 871 1868 Mero.
906 1805 943 1885 V,
968 1809 996 1884 2,
1022 1811 1055 1870 1:
1091 1810 1196 1869 Divom
1219 1815 1308 1883 atque
1331 1810 1382 1868 ho-

226 1907 337 1964 minum
359 1919 434 1978 quse
458 1903 625 1978 spectatrix
646 1911 736 1978 atque
764 1919 818 1964 ers
839 1905 944 1966 ecdem
966 1922 1000 1967 es
1023 1907 1199 1968 hominibus.
1244 1902 1312 1968 Mil.
1340 1902 1382 1982 ΙΙ,

227 2003 257 2078 2,
282 2002 357 2062 1181
393 2001 469 2060 Nam
491 2001 555 2059 illic
577 2007 624 2060 eat
645 2002 862 2062 Philocomasio
885 2009 995 2079 custos,
1026 2020 1109 2064 meus
1132 2020 1304 2080 conservos,
1333 2005 1383 2078 qui

226 2101 253 2158 it
274 2097 365 2159 foras·
399 2095 446 2160 Ib.
469 2094 507 2172 V,
529 2111 559 2158 v,
582 2099 641 2160 38:
665 2099 738 2172 Quis
761 2105 828 2159 crat
848 2100 959 2175 igitur?
981 2096 1038 2163 SC.
1062 2101 1281 2162 Philocomasio
1304 2117 1383 2162 ama·

228 2205 287 2256 tor.
331 2191 443 2273 Amph.
466 2192 547 2272 prol.
570 2212 599 2258 v.
623 2199 679 2256 44:
727 2197 793 2271 qais
821 2196 986 2258 benefactis
1008 2215 1091 2260 meas
1113 2203 1219 2273 peter,
1252 2199 1384 2259 Deorum

230 2299 382 2369 regnetur,
405 2291 604 2354 architectari
618 2294 763 2368 omnibns,
788 2293 873 2371 adq.
890 2292 910 2356 l.
926 2309 954 2356 v.
967 2292 1097 2358 Γ1111111111.
1121 2293 1251 2357 Terent.
1267 2292 1382 2358 Heaut.

229 2387 272 2468 ΙΙ,
297 2393 325 2466 3,
346 2392 401 2452 29:
426 2392 508 2463 Quae
532 2397 579 2452 est
600 2391 682 2452 dicto
704 2399 890 2454 mstorcsse
913 2394 941 2452 el
964 2394 1100 2460 antehac,
1124 2391 1270 2453 nonfuit.
1306 2389 1382 2455 Hec.
1516 2407 1517 2420 ³

229 2485 272 2561 II,
299 2490 328 2563 2,
355 2489 408 2549 16:
431 2489 489 2548 etsi
510 2487 557 2546 illa·
578 2496 666 2563 peter
688 2507 730 2564 es,
753 2486 784 2551 h.
801 2504 827 2553 e.
843 2485 938 2553 illius.
983 2487 1117 2568 Adelph.
1141 2487 1166 2563 1,
1191 2492 1220 2566 2,
1243 2494 1302 2554 46;
1324 2491 1384 2552 Na·

230 2593 300 2645 tara
327 2591 360 2644 tn
384 2585 430 2643 illi
456 2591 545 2659 potor
567 2601 616 2660 ea,
651 2587 784 2648 consiliis
807 2603 871 2664 ego.
914 2583 1031 2651 chnt.
1064 2584 1102 2665 V,
1127 2589 1156 2662 2,
1180 2589 1235 2650 38:
1273 2595 1383 2648 matres

230 2697 333 2743 omnes
355 2681 426 2742 filiis
449 2683 484 2742 In
505 2687 632 2757 peccato
654 2683 833 2758 adiutrices,
871 2685 981 2746 auxilio
1003 2686 1034 2744 in
1056 2692 1184 2759 peteras
1205 2686 1315 2746 iniuria
1337 2701 1384 2745 so·

229 2781 295 2840 lent
316 2795 391 2842 osse.
435 2777 518 2842 Eun.
554 2777 593 2858 V,
617 2782 646 2858 8,
669 2781 727 2844 22:
765 2783 812 2842 Its
834 2789 955 2844 nostrae
977 2784 1087 2844 omuist
1108 2783 1220 2843 fautrix
1241 2781 1382 2843 familiae.

223 2876 322 2939 Andr.
345 2873 390 2954 ΙΙ,
413 2878 442 2953 6,
466 2880 520 2940 27:
559 2878 591 2937 Si
612 2878 662 2938 hic
684 2881 786 2940 molist
807 2881 979 2955 quicquam,
1003 2881 1070 2940 hcm
1093 2881 1157 2941 illic
1180 2887 1228 2940 ost
1249 2881 1317 2940 huic
1339 2881 1384 2940 rei

224 2967 326 3048 cepa't.
371 2969 507 3052 Adelph.
530 2970 586 3052 IV,
609 2977 639 3053 2,
663 2977 720 3038 291
757 2977 835 3036 idern
859 2978 939 3052 quod
960 2993 1015 3053 ego
1038 2979 1142 3052 sensit,
1169 2984 1200 3038 te
1224 2994 1291 3038 esse
1314 2979 1382 3037 huic

221 3074 268 3132 rei
289 3077 388 3147 ceput
444 3067 541 3134 Andr.
567 3068 606 3151 V,
628 3077 659 3150 4,
683 3074 717 3134 2:
740 3073 818 3149 quod
840 3075 901 3148 ipsi
922 3077 1011 3150 capio
1030 3076 1181 3151 Glycerio.

313 3167 386 3231 Duo
408 3165 508 3232 dativi
530 3167 591 3232 sibi
614 3167 753 3248 oppositi
777 3175 852 3234 sunt
873 3171 905 3234 in
925 3169 976 3234 his
998 3168 1161 3252 exemplis.
1205 3168 1300 3234 Ennii
1322 3169 1382 3232 Te-

223 3261 347 3328 lamon.
369 3259 408 3326 fr.
433 3267 461 3339 2,
484 3281 513 3327 v.
537 3269 608 3330 328.
632 3264 766 3346 Telephi
787 3264 826 3330 fr.
853 3271 900 3346 13,
923 3285 952 3330 v.
976 3270 1053 3332 389:
1082 3271 1184 3332 Nihilo
1207 3271 1303 3330 minua
1324 3269 1383 3343 ipsi

229 3364 324 3436 lacet,
353 3378 419 3422 cum
441 3363 489 3422 illi
511 3362 692 3424 accenderit.
737 3363 841 3430 Pleni.
868 3363 966 3429 Mero.
994 3362 1049 3443 IV,
1077 3369 1108 3445 4,
1137 3369 1172 3430 3:
1216 3368 1309 3427 Nobis
1331 3384 1383 3426 00.

226 3461 385 3536 quendum,
407 3477 465 3520 non
490 3464 560 3536 quoi
582 3462 722 3523 conducti
745 3481 854 3524 samus.
878 3459 960 3527 Mem
983 3460 1038 3543 IV,
1062 3467 1090 3542 2,
1113 3467 1173 3527 821

352 3560 438 3620 Palla
459 3559 561 3620 mihist
586 3559 673 3620 domo
695 3568 845 3635 surrupta.
867 3557 970 3624 MEN.
994 3563 1079 3623 Pullo
1098 3567 1270 3638 surruptast
1291 3559 1383 3622 milri?

354 3651 450 3717 PEN.
495 3657 592 3717 Viden
624 3656 677 3716 ted
709 3664 743 3718 ut
769 3659 917 3719 scelestus
944 3659 1069 3735 captati
1104 3661 1176 3722 huic
1199 3663 1383 3736 surruptast,

1017 3775 1076 3820 non
1098 3760 1174 3820 titi:

356 3852 433 3912 lium
455 3850 593 3927 profecto
616 3853 671 3915 tibi
693 3857 882 3930 sampsaei
904 3860 996 3930 essm,
1020 3859 1104 3918 salve
1124 3873 1203 3917 nunc
1225 3854 1318 3916 iuret.

221 3945 348 4011 Acidol.
373 3946 415 4012 ad
436 3945 467 4010 h.
490 3946 511 4011 1.
534 3945 629 4014 affert
650 3947 741 4030 Oupt
778 3948 833 4032 IV,
856 3955 886 4030 2,
909 3953 966 4016 861
1010 3953 1152 4015 nesano
1175 3953 1249 4014 mihi
1271 3953 1381 4014 1111111.

219 4042 285 4108 ER.
318 4047 394 4106 Mihi
418 4047 684 4124 (patremmeum,
714 4067 774 4110 nou
797 4051 866 4125 uni,
890 4053 924 4113 et
946 4047 1061 4114 Pseud.
1083 4049 1139 4129 IV,
1167 4055 1194 4125 1,
1218 4052 1277 4114 231
1313 4052 1383 4126 Iap-

219 4144 302 4218 puter
324 4151 354 4204 ts
377 4146 450 4204 milri
472 4152 580 4207 servet
603 4143 651 4209 SI.
674 4149 768 4208 Immo
790 4149 873 4210 mihi.
917 4147 990 4212 Aul.
1018 4145 1074 4225 lv,
1102 4151 1132 4227 2,
1158 4151 1197 4212 16
1221 4145 1383 4226 (Puriaon.
1463 4131 1469 4141 ¹

219 4237 611 4321 111311111113211111
633 4245 709 4306 adeo
731 4243 917 4307 1311111111
938 4242 1010 4325 (iat.
1033 4240 1174 4309 fidelium
1195 4243 1291 4310 mulsi
1314 4239 1384 4324 pls·
