3070 4758
524 283 613 330 GASUS
629 283 897 328 sumuaamvom.
910 307 936 320 ι-
947 289 1089 331 -ΔΟΟϋΒΔΤ,
1315 299 1385 358 m

216 455 375 523 ermom
396 459 433 522 dt
454 463 620 540 obsequens
642 463 757 524 hilarus
780 465 873 526 comis
888 465 1069 540 omanis,
1094 495 1133 514 -··
1155 465 1225 528 dam
1243 467 1282 526 id
1300 467 1388 544 qaod

216 560 298 636 petit
319 559 441 635 potitur.
481 557 597 625 caecil.
621 558 701 629 Stat
725 558 763 624 ir.
788 559 1050 642 Harparomenas
1065 565 1101 625 ar
1124 563 1183 637 Qui
1204 563 1293 626 nomo
1314 567 1385 626 iae—
1483 623 1486 630 .

218 657 378 734 ptitudiuis
401 663 578 733 cumulatus,
603 660 714 720 cattum
735 659 852 720 oblita's
873 661 938 718 -i
981 657 1124 724 Plociflr
1145 657 1184 722 fr.
1205 664 1232 739 i,
1254 676 1283 723 v.
1302 661 1401 725 1475Ι

218 753 298 815 Dum
321 756 386 817 eiua
405 761 528 816 matam
549 757 644 818 inhio.
688 753 752 820 Ino.
775 752 839 820 lab.
861 753 901 820 ir.
926 759 964 820 2:
986 773 1113 834 sequere
1133 775 1191 822 me.
1234 755 1378 823 Plocium

217 849 258 917 fr.
282 856 301 917 7
308 873 315 909 =
351 856 544 930 consequitur
566 871 666 915 comes
685 855 834 915 insomnio
861 857 936 930 (acc.
965 853 1076 931 Pium).
1119 852 1299 920 Polemoni:
1336 858 1385 916 Ac

217 953 269 1028 pol
292 970 347 1028 ego
376 950 472 1029 neque
497 951 602 1012 florem
625 967 721 1028 neque
744 951 853 1013 flocces
876 955 943 1014 volo
965 955 1047 1030 mihi,
1069 955 1167 1015 sinum
1190 957 1267 1016 rolo.
1310 950 1382 1016 lac.

216 1044 279 1112 fab.
307 1046 420 1129 fragm.
445 1054 479 1113 5:
513 1050 545 1110 Si
568 1050 776 1111 confidentiam
799 1051 938 1125 adhibes,
967 1050 1078 1124 confide
1104 1053 1212 1112 mio.
1256 1047 1294 1114 ir.
1318 1053 1382 1114 ilie

217 1149 248 1208 di
271 1155 401 1210 vostram
423 1148 527 1210 fideml
571 1145 814 1226 Harpazorneuo
836 1144 875 1210 ir.
899 1150 932 1210 e:
966 1151 1036 1224 quid
1064 1151 1120 1210 tibi
1146 1151 1305 1224 aucupatio
1327 1153 1376 1208 est

215 1244 436 1320 Arqamcatum
458 1247 521 1304 -i
565 1243 630 1308 Ino.
654 1241 716 1308 iah.
737 1241 775 1308 fr.
800 1248 854 1308 312
884 1248 1035 1308 Otristes
1057 1247 1202 1323 ineptiant
1246 1243 1374 1308 Terent.

217 1341 316 1406 Andr.
340 1339 400 1419 ΙΙΙ,
424 1347 454 1423 3,
477 1347 509 1406 2:
543 1345 667 1419 Aliquot
694 1359 741 1404 ma
770 1343 917 1404 adierunt.
962 1342 1039 1408 Heu.
1062 1342 1105 1423 ΙΙ,
1129 1347 1158 1422 2,
1181 1347 1217 1406 9:
1250 1343 1321 1404 Adii
1342 1349 1374 1402 te

215 1441 283 1502 heri
305 1441 341 1501 de
364 1441 434 1502 iilia.
478 1439 606 1505 Phorm.
623 1437 666 1516 ΙΙ,
686 1444 713 1518 l,
736 1444 792 1503 17:
815 1442 838 1502 0
861 1441 1019 1516 Phaedria,
1040 1443 1256 1513 incredibilest,
1279 1455 1377 1514 qnan-

215 1548 278 1599 tum
301 1557 383 1600 mum
406 1546 474 1600 onte
495 1558 527 1602 co
550 1540 707 1615 sapientia.
753 1535 831 1602 Hcc.
853 1535 913 1616 ΙΙΙ,
937 1542 966 1613 3,
993 1542 1044 1602 18:
1071 1542 1131 1600 iam
1153 1546 1186 1600 ut
1207 1539 1298 1598 limen
1320 1551 1374 1596 ax·

212 1637 298 1710 irem,
320 1639 358 1698 ad
380 1655 478 1713 genua
500 1638 619 1698 accidit.
665 1633 763 1698 Andr.
785 1633 812 1714 Ι,
836 1641 865 1714 3,
892 1639 946 1698 18:
969 1639 999 1697 Is
1021 1637 1095 1698 obiit
1116 1641 1251 1698 mortam.
1288 1632 1373 1696 Eun.

212 1729 267 1808 IV,
285 1737 313 1809 2,
334 1738 386 1798 13:
410 1737 519 1796 Villam
542 1741 701 1812 praetereo
725 1737 831 1797 sciens.
876 1732 1001 1797 Phorm.
1018 1731 1043 1812 I,
1066 1740 1096 1812 4,
1119 1738 1177 1797 25:
1200 1733 1287 1794 fortis
1308 1729 1369 1792 ior·

212 1838 284 1892 tuna
307 1833 435 1894 adiuvat.
473 1829 572 1895 Andr.
588 1831 614 1910 Ι,
637 1835 665 1910 3,
688 1831 970 1905 erumpnarum
993 1833 1123 1893 adlatam
1145 1849 1182 1892 au
1205 1830 1370 1891 auscultem

212 1931 284 1990 seni.
330 1926 456 1992 Phorm.
479 1927 504 2006 I,
528 1934 557 2008 2,
580 1932 638 1999 49;
672 1931 777 2005 Neque
803 1959 841 1972 -
867 1931 1027 2005 Quisquam
1058 1931 1178 2003 aderat,
1214 1929 1265 2003 qui
1284 1925 1372 1986 adia·

211 2029 288 2087 taret
309 2027 410 2100 sonas.
447 2024 581 2106 Adelph.
597 2024 679 2106 prol.
695 2044 724 2090 v.
743 2027 798 2090 16:
821 2028 957 2088 homiues
980 2027 1089 2088 nobilis
1111 2029 1194 2088 Eam
1216 2025 1362 2084 adiutura

209 2121 287 2188 Hec.
310 2121 370 2203 ΙΙΙ,
395 2127 424 2203 3,
448 2127 504 2187 24:
536 2125 581 2186 Tu
603 2125 705 2201 pneris
729 2141 830 2198 curre,
862 2125 1022 2198 Parmeno,
1056 2126 1172 2186 obviam
1202 2129 1291 2197 atque
1321 2121 1366 2185 eit

209 2240 302 2284 onera
324 2223 434 2286 adiuta.
477 2220 559 2286 Eun.
582 2219 621 2297 V,
645 2225 674 2300 2,
702 2225 754 2285 16:
787 2223 872 2282 Hanc
901 2225 994 2283 metui
1020 2239 1058 2282 ne
1087 2237 1136 2283 mc
1157 2221 1367 2283 criminaretur

209 2320 275 2380 tibi.
320 2316 397 2382 Hac.
421 2314 460 2394 V,
484 2323 513 2393 2,
537 2323 571 2381 6:
599 2323 663 2384 Neo
685 2323 737 2395 poi
760 2321 836 2380 istae
860 2327 994 2380 metuont
1017 2320 1098 2393 deos,
1120 2334 1217 2395 neque
1241 2320 1295 2380 has
1317 2335 1367 2378 ra·

211 2417 329 2492 spicere
357 2417 429 2478 deos
460 2420 575 2493 opinor.
620 2414 785 2493 Erunt,
810 2418 901 2484 562
929 2429 989 2492 sq:
1022 2423 1123 2478 metuo
1160 2416 1283 2477 fratrem
1319 2417 1366 2478 Ne

211 2514 291 2574 intus
317 2515 365 2574 sit.
410 2511 568 2593 Heneti,
586 2519 615 2592 2,
634 2517 689 2588 15;
713 2515 810 2574 Timet
830 2515 942 2575 omnia:
965 2515 1062 2589 patris
1084 2516 1169 2588 iram,
1192 2520 1223 2574 ct
1237 2517 1367 2576 animum

210 2613 323 2672 amicae
347 2627 378 2672 se
401 2628 473 2687 erga
494 2620 528 2673 ut
550 2615 590 2673 sit
611 2629 691 2674 suae.
735 2609 815 2674 Eun.
832 2606 857 2686 Ι,
875 2613 903 2683 2,
925 2613 982 2673 8οε
1005 2618 1038 2671 ot
1059 2613 1146 2672 istam
1169 2629 1247 2672 nunc
1269 2613 1365 2684 times,

211 2710 293 2783 Quae
316 2709 487 2784 adrectast,
522 2727 560 2770 na
582 2711 665 2771 iilum
688 2711 778 2770 talem
801 2709 967 2783 praeripiat
993 2709 1057 2772 tibi.
1102 2707 1200 2772 Andr.
1223 2705 1250 2784 Ι,
1277 2711 1307 2783 3,
1331 2712 1366 2771 5:

209 2807 241 2866 Si
263 2808 346 2868 iilum
372 2809 525 2888 relinquo,
560 2811 624 2869 eius
646 2808 724 2869 vitae
753 2807 854 2866 timeo:
892 2807 937 2866 siu
965 2807 1110 2881 opitulor,
1145 2807 1233 2867 huius
1259 2805 1365 2868 ordros.

208 2899 286 2968 Hec.
309 2900 365 2982 IV,
391 2907 417 2967 1.
442 2909 497 2969 60:
531 2907 624 2968 Simul
651 2922 757 2966 vereor
778 2903 969 2978 Pampattam
998 2919 1038 2964 ne
1065 2911 1151 2965 oratu
1180 2909 1285 2964 nostra
1313 2919 1366 2963 ue·

209 3009 299 3077 queat
321 2991 431 3064 diutius
455 3005 571 3065 Celare.
616 3001 675 3066 Ad.
699 3000 758 3080 ΙΙΙ,
782 3004 811 3080 2,
834 3006 868 3065 22
901 3005 999 3076 Atque
1031 3003 1099 3062 huic
1128 3005 1210 3063 malo
1237 3003 1366 3062 salutem

209 3107 364 3175 quaerant.
408 3097 526 3164 Heaut.
557 3097 612 3180 IV,
641 3103 679 3178 8,
702 3103 736 3161 3:
772 3102 814 3160 Tc
849 3101 944 3175 ipsum
974 3099 1168 3174 quaerebam,
1212 3099 1364 3162 Chremes.

208 3193 335 3262 Phorm.
358 3195 397 3275 V,
426 3200 452 3275 l,
478 3202 511 3261 1:
546 3217 604 3274 qno
627 3200 753 3260 consilia
774 3199 848 3258 haec
875 3195 1024 3257 referam?
1068 3193 1165 3260 Andr.
1188 3191 1248 3272 ΙΙΙ,
1276 3199 1307 3272 4,
1330 3196 1367 3256 oe

208 3313 261 3354 uos
285 3295 389 3354 celavi.
420 3293 500 3357 Eun
516 3294 560 3374 II,
577 3300 605 3374 3,
623 3299 676 3358 55:
699 3294 830 3355 Comites
853 3296 949 3355 secati
971 3297 1091 3356 seilicet
1112 3299 1182 3356 snut
1202 3291 1368 3367 anginam?

206 3391 286 3453 Lata
301 3393 384 3465 seqaa'
396 3389 522 3455 Ruhnk.
548 3391 589 3454 ad
604 3389 702 3456 Andr.
717 3390 772 3470 IV,
789 3395 818 3468 5,
837 3393 885 3454 16.
908 3389 1006 3454 Andr.
1021 3389 1075 3469 IV,
1092 3397 1122 3461 4,
1143 3393 1200 3454 25ε
1223 3389 1272 3452 dle
1285 3390 1367 3466 qaod

206 3507 289 3566 rogo.
334 3485 411 3551 Hec.
434 3487 465 3568 Ι,
489 3493 517 3568 2,
542 3494 575 3553 2:
609 3491 707 3552 Senex
725 3493 751 3552 si
773 3497 897 3566 quaeret
918 3507 980 3567 me,
1006 3493 1094 3553 modo
1123 3493 1182 3551 issa
1205 3489 1296 3548 dicito
1317 3486 1366 3551 Ad

206 3593 326 3662 portum
348 3593 555 3663 percontatum
575 3590 732 3650 adventum
754 3589 911 3664 Pamphili.
943 3586 1041 3652 Andr.
1063 3585 1142 3668 prol.
1161 3601 1190 3650 v.
1204 3589 1264 3650 202
1286 3586 1364 3659 Quo·

206 3700 272 3744 rum
289 3686 437 3746 oemotara'
454 3692 576 3762 exoptat
591 3687 809 3762 neglegentiam
828 3687 930 3746 Potius
953 3704 1040 3762 quam
1061 3688 1186 3747 istorum
1207 3686 1364 3744 obscuram

208 3779 403 3858 diligentiam.
447 3781 529 3846 Eun.
546 3780 584 3862 V,
602 3785 631 3862 5,
655 3787 687 3846 5:
710 3785 802 3858 Quem
824 3787 1021 3860 praestolare,
1044 3787 1199 3858 Parmeno,
1221 3783 1272 3843 hie
1293 3788 1364 3841 autc

207 3879 340 3940 ostium?
384 3877 464 3943 Eun.
481 3877 527 3957 V,
552 3883 581 3955 5,
605 3885 640 3944 7ε
675 3882 769 3955 Quem
790 3883 1000 3958 praestolare?
1043 3881 1203 3946 Donatum
1235 3877 1366 3958 „Inquit

207 3984 300 4052 nove,
322 3994 402 4042 uon:
437 3977 493 4039 Oai
511 3979 710 4051 praestolare,
740 3977 797 4043 scd
818 3997 903 4053 qoem
924 3977 1012 4042 dixit.
1059 3977 1163 4042 Aliter
1182 3975 1306 4042 Tullius
1331 3975 1366 4041 in

206 4069 393 4138 Catilinam:
417 4071 560 4150 Quirini
583 4072 623 4138 ad
645 4073 751 4140 iorum
767 4073 932 4140 Aurelium
955 4075 1238 4155 praestolarentur.
1272 4075 1366 4137 Proc-

205 4169 313 4230 setara
333 4173 384 4235 est
404 4173 534 4252 praesto
558 4187 629 4236 esse
651 4175 685 4236 et
708 4187 881 4254 apparere,
904 4171 963 4238 hoo
986 4177 1051 4251 est,
1074 4171 1237 4253 obsequi.“
1281 4171 1363 4238 Vide

206 4264 305 4332 etiam
327 4265 547 4350 Eugrapm'um
571 4271 605 4333 et
625 4267 759 4334 Taubm.
783 4269 823 4336 ad
837 4268 942 4334 Plani..
959 4269 1052 4336 Truc.
1068 4269 1110 4351 li,
1127 4276 1156 4352 a,
1175 4275 1223 4336 lo.
1246 4269 1363 4334 Haant.
