3070 4758
491 237 578 280 claua
594 235 863 281 ΙΙΙΒδΤΑΙΙΤΙΙΟΠΰΙ.
882 257 909 270 *-
922 240 1062 284 accam.
1284 252 1351 316 *m

190 413 302 474 tiorum
324 412 425 492 sicem,
448 411 489 478 od
512 430 541 493 q.
556 411 576 476 l.
601 411 742 480 Lindem.
764 411 845 480 baec
865 413 978 480 habet:
1006 415 1130 494 „riam
1150 413 1353 496 manutium

198 506 341 574 adverbii
362 509 433 576 loco
449 510 582 590 positus,
604 513 642 576 ut
655 529 794 588 mapsam
811 518 931 588 param
943 510 1026 578 oliae
1042 511 1161 581 similes
1182 509 1348 592 formulae,

198 605 239 670 ad
262 605 378 672 Graeci
402 606 558 672 sermonis
579 607 769 688 exemplum,
793 608 848 674 ubi
863 606 959 684 τέλος,
980 603 1158 672 τούναντίον
1171 601 1297 690 τρόπον,
1318 609 1353 674 ot

196 719 279 784 quae
303 708 379 768 sunt
399 703 524 785 reliqua
547 705 722 787 innumera,
746 707 814 772 sine
835 707 1070 788 praepositione
1091 707 1258 786 dicuntur,
1280 705 1352 788 ipsa

197 800 371 866 accusativi
399 802 528 866 notione
558 801 645 867 illam
672 809 906 886 compensante.
951 803 998 870 Gi.
1023 802 1085 871 Cio.
1114 802 1155 868 ad
1181 801 1256 868 iam.
1278 819 1349 884 epp

197 895 224 978 Ι,
248 905 276 977 9,
300 903 333 964 2:
356 897 511 989 Nostram
533 899 634 965 vicem
657 900 745 966 ultus
768 905 818 966 est
839 900 909 981 ipsa
931 899 1032 966 sese.“
1054 900 1141 966 Etin
1156 899 1205 966 ed.
1227 899 1349 980 priore:

198 994 295 1074 „dea
316 998 409 1058 acam
432 996 670 1067 adverbialiter,
694 1015 754 1079 pro
776 997 936 1063 usitatiori
958 999 1020 1064 abl.
1042 1001 1133 1064 oica‘t
1155 998 1203 1064 lb.
1232 996 1292 1076 ΙΙΙ,
1316 1001 1346 1078 3,

198 1095 252 1156 11:
287 1096 356 1169 quin
385 1097 464 1156 male
491 1096 626 1158 occidam
655 1105 853 1174 oppetamque
886 1106 1002 1174 pestem
1030 1101 1076 1160 eri
1110 1099 1202 1160 sicera
1228 1097 1349 1161 malon

192 1187 291 1254 Poen.
315 1189 340 1270 Ι,
366 1196 394 1270 3,
417 1196 451 1256 4:
495 1195 640 1254 Maiorem
662 1200 780 1270 partem
812 1197 844 1254 in
866 1213 918 1259 ore
941 1197 1058 1258 habitas
1080 1213 1156 1258 meo.
1200 1191 1267 1258 Mil.
1290 1189 1351 1269 ΙΙΙ,

199 1290 227 1366 1,
250 1291 305 1352 50:
342 1291 384 1350 Et
405 1308 500 1350 meam
527 1299 644 1366 partem
678 1293 780 1352 itidem
804 1301 915 1356 tacere.
956 1285 1202 1363 ’Avoaododdmc
1227 1289 1352 1372 positus

190 1386 246 1450 est
267 1401 332 1450 aco.
377 1381 459 1451 Rud.
490 1385 546 1468 IV,
572 1391 600 1467 3,
625 1391 681 1453 23:
729 1391 871 1452 Vidulum
896 1391 985 1452 istum
1007 1393 1112 1466 quoius
1134 1397 1181 1451 est
1203 1389 1272 1450 novi
1293 1404 1349 1464 ego

197 1483 346 1546 hominem
370 1485 427 1544 iam
450 1487 575 1561 pridem.

202 1653 204 1659 Α
283 1578 490 1647 Substantiva
512 1581 656 1648 verbalia
678 1601 749 1648 cnm
772 1601 837 1650 aco.
861 1583 969 1648 iuncta
991 1587 1066 1648 sunt
1086 1582 1118 1647 in
1133 1581 1222 1648 hisae
1243 1597 1350 1645 mom·

195 1676 266 1758 plis.
312 1678 426 1759 Amph.
450 1679 476 1758 Ι,
498 1685 527 1759 3,
550 1686 606 1746 21:
631 1683 709 1756 Qvnid
731 1683 785 1744 tibi
807 1685 886 1744 boec
908 1682 1053 1744 auratiost
1074 1681 1156 1742 remi
1198 1677 1287 1745 Asin.
1308 1675 1348 1756 V,

196 1778 227 1856 2,
251 1779 309 1842 70:
335 1780 413 1851 Quid
435 1781 490 1840 tibi
512 1781 591 1840 buno
614 1782 748 1856 receptio
773 1781 809 1841 ad
832 1787 893 1842 test
916 1797 1018 1840 meum·
1034 1779 1152 1840 virum?
1195 1773 1267 1840 Aul.
1289 1772 1349 1857 ΙΙΙ,

196 1876 226 1954 2,
250 1877 284 1937 9:
319 1878 389 1952 quid
412 1879 467 1938 abi
489 1895 559 1951 nos,
581 1879 716 1938 mendice
740 1879 843 1946 bomo,
866 1877 1010 1940 tactiost?
1053 1873 1148 1940 Truc.
1174 1872 1217 1954 Π,
1242 1877 1272 1953 7,
1295 1875 1350 1938 622

195 1974 267 2048 qnid
289 1974 343 2034 tibi
366 1976 442 2034 bano
466 1975 608 2035 aditlosti
646 1975 723 2048 Quid
746 1977 801 2036 tibi
822 1977 899 2036 bano
922 1976 1043 2050 notiost,
1073 1976 1203 2050 inquam,
1225 1974 1351 2034 amicam

180 2071 313 2132 'maami
351 2068 420 2134 Cata.
444 2068 487 2149 ΙΙ,
511 2074 540 2149 6,
565 2075 620 2134 54;
645 2073 722 2146 Quid
744 2074 800 2132 tibi
822 2074 920 2134 istunc
943 2071 1087 2133 tactiost?
1124 2066 1350 2148 nui.1v,1o,

196 2169 255 2232 14.
301 2169 373 2244 qnid
395 2170 457 2230 tibi
473 2187 545 2245 ergo
568 2187 664 2230 meam
686 2187 734 2232 me
754 2172 847 2232 invito
868 2168 1010 2231 tactiost?
1054 2163 1147 2230 (lura
1180 2164 1219 2243 Ι,
1242 2169 1273 2245 2,
1294 2169 1352 2229 27;

196 2264 303 2340 quidt
290 2268 345 2327 tibi
368 2269 455 2327 istum
480 2267 626 2329 tactiost?
668 2264 765 2330 Poen.
788 2264 827 2344 V,
850 2270 879 2345 5,
903 2271 958 2330 29:
982 2265 1059 2339 Quid
1081 2267 1158 2325 hano
1181 2267 1235 2325 tibi
1257 2263 1350 2339 digito

194 2363 342 2425 tactiost?
384 2361 480 2427 Most.
525 2362 551 2443 Ι,
578 2368 604 2442 l,
628 2369 683 2429 33:
730 2365 883 2438 Quintili
906 2367 1014 2424 malum
1036 2379 1095 2430 mc,
1130 2366 1184 2423 out
1204 2361 1277 2436 qaid
1298 2377 1350 2434 epo

198 2475 297 2534 opem,
321 2463 493 2531 corotiosti,
515 2413 571 2524 ndi
593 2461 707 2525 verba.
730 2466 784 2522 aaa
804 2462 877 2534 pota
898 2479 948 2536 epo
971 2477 1059 2534 epam
1080 2456 1158 2522 nihil
1172 2455 1260 2522 aliud
1275 2459 1351 2520 sunt

195 2555 259 2620 nisi
280 2555 522 2622 circumlocutio
544 2557 635 2622 verbi
657 2577 711 2619 me.
734 2557 946 2622 accusativus
967 2557 1065 2621 etiam
1089 2555 1123 2619 in
1143 2553 1348 2619 exclamatio·

195 2651 290 2719 nibus
327 2654 456 2735 ponitur
489 2661 523 2718 et
560 2653 629 2719 sine
664 2654 884 2720 interiectione
919 2658 953 2718 et
975 2652 1194 2718 interiectione
1227 2651 1348 2716 addita

194 2749 310 2817 Bacch.
334 2751 371 2832 V,
395 2756 425 2832 2,
450 2757 504 2818 59:
542 2755 688 2830 Lepidum
710 2764 750 2816 te.
781 2751 840 2831 111,
864 2757 893 2832 3,
918 2757 972 2816 51:
1000 2754 1197 2812 Fortunatum
1218 2751 1348 2812 Nicobu-

193 2851 264 2910 lum.
310 2848 408 2914 Stich.
431 2849 469 2928 V,
492 2855 524 2931 4,
547 2855 602 2915 27:
625 2854 706 2914 Bene
728 2867 798 2912 vos:
826 2853 901 2912 bene
925 2869 994 2915 nos:
1017 2852 1092 2912 bene
1115 2856 1162 2910 te:
1186 2850 1263 2911 bena
1286 2863 1348 2910 nna:

193 2947 270 3008 bene
294 2957 426 3008 nostram
448 2951 537 3010 etiam
561 2951 762 3025 Stephanium.
799 2946 885 3012 Tria.
908 2945 964 3026 IV,
988 2952 1018 3026 2,
1042 2949 1099 3011 92:
1129 2947 1258 3007 Nimium
1281 2963 1349 3024 gra-

193 3045 315 3120 phicum
340 3047 419 3105 huno
450 3053 633 3122 nugatorem.
677 3043 743 3109 Mil.
778 3043 838 3123 ΙΙΙ,
865 3047 893 3124 2,
923 3049 979 3109 25:
1024 3048 1107 3106 Bono
1134 3045 1295 3119 subpromo
1318 3049 1350 3103 et

193 3159 299 3216 promo
338 3144 445 3203 cellam
482 3147 641 3222 creditam,
677 3141 727 3208 ad.
751 3157 779 3221 q.
802 3141 822 3206 l.
844 3161 874 3207 v.
896 3139 1039 3206 Lindem.
1083 3139 1155 3206 Aul.
1192 3138 1236 3218 II,
1258 3144 1289 3217 4,
1313 3141 1347 3202 d:

193 3241 310 3300 Bellum
334 3247 366 3300 et
386 3241 526 3315 pudicum
549 3259 620 3304 vero
648 3243 845 3316 prostibulum
871 3242 970 3318 poplii
1014 3238 1128 3320 Amph.
1172 3236 1215 3315 Π,
1240 3242 1268 3316 1,
1292 3240 1346 3300 57:

195 3338 285 3412 Quos,
309 3339 427 3412 malum,
461 3335 777 3418 nugaslsimph.11,
801 3342 831 3417 2,
857 3344 883 3401 l.
908 3342 944 3402 2:
966 3339 1011 3399 ita
1032 3355 1078 3399 me
1100 3338 1214 3414 probri,
1236 3337 1349 3413 Stupri,

193 3435 353 3496 dedecoris
373 3453 391 3499 a
413 3437 477 3496 viro
500 3443 636 3514 argutam
657 3455 733 3514 meo,
755 3435 812 3500 ubi
833 3435 966 3500 Taubm.
988 3438 1095 3500 mente
1117 3431 1219 3498 addit:
1242 3433 1349 3511 patiar

194 3527 248 3593 vel
270 3547 330 3610 par
352 3534 411 3594 est.
456 3530 545 3598 Asin.
569 3531 607 3612 V,
632 3538 662 3612 2,
684 3537 741 3598 81;
765 3536 880 3596 Bellum
903 3533 1004 3594 filium.
1049 3530 1146 3597 Poen.
1178 3530 1217 3609 V,
1240 3535 1270 3609 5,
1290 3533 1348 3595 55:

200 3629 317 3690 Bellum
339 3630 498 3706 hominem,
523 3647 609 3706 quem
633 3634 762 3694 noveris.
785 3629 905 3695 Eadem
927 3627 1080 3710 leguntur
1106 3646 1149 3695 so.
1179 3627 1238 3694 ult.
1265 3647 1295 3693 v.
1317 3633 1346 3694 9.

190 3723 288 3789 Poen.
311 3724 338 3804 I,
362 3729 391 3805 2,
414 3731 472 3790 44:
502 3729 579 3790 diem
602 3732 738 3805 pulcrum
761 3736 793 3789 et
815 3731 964 3790 celebrem
988 3737 1019 3790 et
1040 3731 1205 3792 venustatis
1227 3731 1348 3803 plenum

191 3825 322 3899 Dignum
345 3825 464 3886 Venere
503 3824 562 3901 (sio
583 3823 693 3889 Herm.
717 3823 806 3888 elem.
831 3825 861 3889 d.
883 3843 925 3891 m.
948 3843 979 3906 p.
1004 3829 1075 3891 295.
1105 3822 1192 3904 vulg.
1221 3819 1346 3899 Veneri)

192 3923 254 3996 pol.
286 3918 346 4000 111,
371 3926 401 3999 3,
423 3924 480 3984 40:
504 3923 643 3984 Mortalis
666 3925 776 3984 malosi
799 3921 854 4002 IV,
878 3927 907 4002 2,
931 3928 985 3987 27:
1022 3925 1165 3999 Lepidam
1188 3919 1349 3984 Venerem!

190 4015 307 4082 Pseud.
330 4017 356 4098 I,
379 4022 409 4096 3,
437 4022 511 4083 132:
536 4021 683 4082 Centoras
705 4020 831 4096 probosl
856 4026 884 4100 5,
909 4024 963 4085 20:
986 4022 1133 4098 Lepidum
1154 4017 1271 4082 seneml
1293 4016 1349 4097 IV,

193 4119 222 4191 l,
245 4118 301 4179 22:
339 4119 496 4178 Hominem
519 4116 663 4194 lepiduml
693 4114 761 4180 Mil.
782 4115 825 4196 ΙΙ,
848 4121 878 4197 2,
903 4123 958 4184 95;
980 4121 1076 4180 Nimis
1095 4120 1215 4181 doctum
1238 4118 1346 4179 dolum.

191 4209 287 4276 Truc.
311 4210 348 4292 V,
371 4231 405 4277 v.
428 4218 486 4278 45:
511 4216 621 4278 Malam
644 4233 708 4276 nem
729 4217 775 4278 luis
799 4224 831 4278 et
851 4219 1005 4296 magnam!
1028 4213 1114 4294 quod
1137 4211 1276 4294 elllptite
1298 4223 1352 4276 at·
