3070 4758
461 300 549 343 CASUS
568 299 835 343 SUBSTANTIVORUH.
849 298 1014 340 -nmvun
1267 303 1329 363 309

180 473 307 540 Phorm.
330 471 367 554 V,
392 477 421 552 6,
446 477 480 540 7:
501 477 556 538 En
580 477 672 556 tibil,
709 471 765 540 ubi
786 475 894 538 autem
917 489 979 537 sec.
1001 469 1103 537 Rudd.
1126 489 1156 552 p.
1182 473 1253 550 316,
1275 467 1331 535 ad·

179 577 244 638 not.
268 576 287 638 3
308 573 362 634 tibi
383 590 446 637 non
470 572 509 638 ab
532 592 589 649 eru,
617 569 713 637 seda
739 568 836 638 verbo
857 568 1019 635 intellecto
1042 571 1121 646 dico,
1155 571 1252 645 accipe
1278 567 1330 634 vel

181 669 276 736 simili
296 669 424 751 pendet.
467 669 565 735 Andr.
588 668 644 750 IV,
667 675 698 751 4,
720 674 755 734 4:
779 671 991 733 Vce'miserae
1013 671 1094 732 mihi.
1117 665 1197 732 Eun.
1220 664 1275 747 IV,
1297 669 1328 746 4,

181 772 238 834 41:
261 769 324 830 Vae
347 770 427 831 mihi.
449 765 565 833 Heaut.
589 765 632 840 Π,
656 772 685 849 3,
710 771 743 832 9:
765 786 818 831 vae
841 769 949 831 misero
970 769 1021 830 mi.

268 868 318 930 61.
340 863 370 930 h.
392 866 523 928 Dattous
532 883 686 943 macrae,
710 867 758 928 crat
771 867 900 928 stodiam
922 871 971 929 est.
995 862 1180 945 Spectemus
1195 861 1331 944 primum

182 963 323 1029 dativum
350 963 544 1043 possessoris
573 963 773 1028 coniunctum
801 980 872 1028 cum
893 961 992 1028 verbo
1020 979 1088 1026 esse.
1133 957 1212 1028 Cato
1233 959 1270 1028 R.
1292 956 1330 1024 R.

94 1085 98 1099 ·
183 1079 206 1126 c.
232 1065 266 1125 7:
290 1067 321 1122 et
342 1061 459 1123 domtuo
482 1064 540 1123 erit
563 1064 612 1139 qui
635 1069 745 1128 utatur.
788 1059 884 1126 Ennii
906 1057 1007 1126 annal.
1030 1057 1089 1124 inc.
1113 1057 1197 1124 sedis
1218 1053 1330 1140 fragm.

185 1163 239 1224 12:
261 1161 356 1220 Nobis
378 1161 455 1220 unde
477 1156 577 1221 forent
598 1159 714 1222 tructus
737 1163 873 1236 vitaeque
894 1157 1098 1235 propagmen?
1126 1141 1332 1237 Cresphontis

180 1255 219 1321 fr.
243 1259 276 1322 6:
300 1260 339 1333 di,
360 1259 465 1332 quibus
487 1263 530 1318 est
550 1265 684 1333 potestas
707 1261 780 1321 cett.
803 1253 976 1322 Erechthei
997 1251 1035 1318 fr.
1052 1257 1086 1319 9:
1108 1256 1268 1318 bellicosus
1283 1252 1333 1316 coi

182 1363 278 1434 pater.
322 1352 475 1419 Hecubae
497 1351 535 1418 fr.
559 1356 592 1417 8:
633 1355 682 1416 cci
702 1357 745 1417 nil
772 1359 815 1417 est
841 1355 885 1432 [in
907 1351 998 1430 dem]
1024 1353 1126 1416 mult·
1148 1349 1351 1434 Iphigeniae

182 1451 218 1517 fr.
241 1458 280 1532 4,
306 1471 334 1516 v.
358 1453 433 1516 253:
482 1455 575 1527 Quam
604 1447 784 1532 [negotioso]
815 1453 863 1513 oui
892 1459 939 1514 est
965 1454 1113 1528 negotium
1143 1453 1174 1510 in
1203 1449 1332 1527 negotio.

182 1549 285 1615 Plaut.
308 1548 392 1613 Trin.
408 1548 434 1625 Ι,
456 1553 485 1630 2,
511 1552 587 1628 182;
609 1551 826 1626 Famigeratori
851 1567 900 1612 res
924 1551 963 1611 sit
985 1567 1051 1610 cum
1073 1549 1178 1612 damno
1201 1555 1233 1610 et
1247 1547 1334 1610 ιιιιΙο.

183 1647 266 1713 Men.
293 1645 373 1728 prol.
408 1664 436 1711 v.
462 1651 518 1712 44:
564 1650 676 1709 Idemst
711 1648 851 1708 ambobus
885 1665 991 1708 nomen
1023 1649 1147 1724 geminis
1179 1644 1332 1708 iratribus.

187 1745 282 1811 Poen.
305 1743 343 1826 V,
367 1750 395 1824 5,
419 1750 477 1809 43:
514 1747 592 1819 Quid
614 1746 667 1806 ta'br'
689 1746 826 1820 lubidost,
850 1746 985 1824 obsecro,
1008 1745 1251 1820 Anthemonides,
1272 1744 1331 1804 Lo·

187 1847 236 1922 qui
258 1847 457 1906 inclementer
480 1850 584 1904 nostro
608 1847 735 1919 cognato
758 1850 789 1904 et
811 1843 912 1919 patri?
929 1839 1128 1906 Menaechm.
1150 1839 1189 1921 V,
1206 1842 1236 1922 6,
1254 1845 1285 1905 1:

348 1943 531 2017 Spectamen
553 1942 631 2002 bono
655 1959 740 2002 servo
763 1942 795 2001 id
818 1948 873 2016 est,
897 1943 1032 2016 quirem
1055 1939 1158 2002 erilem

350 2041 505 2112 Procurat,
537 2039 627 2114 videt,
652 2041 791 2114 collocat,
814 2039 935 2114 cogitat,

351 2138 392 2200 Ut
415 2139 540 2198 absente
563 2153 616 2198 ero
638 2154 701 2197 rem
725 2139 770 2200 sui
794 2138 839 2197 eri
862 2137 1021 2212 diligenter

353 2235 487 2309 Tutatur,
512 2235 648 2309 quamsi
672 2235 736 2311 ipse
760 2236 848 2309 adsit,
872 2243 923 2294 aut
945 2235 1067 2296 rectius.

190 2326 277 2394 Haec
299 2329 344 2395 sic
365 2330 577 2412 interpretor:
602 2323 663 2396 (tio
687 2329 774 2414 guter
797 2325 913 2394 ecutae
935 2325 991 2409 bct
1013 2326 1111 2393 buron
1135 2327 1248 2402 atnoe,
1272 2335 1335 2392 too·

189 2440 247 2488 toa
277 2442 307 2490 et
330 2427 450 2510 grprttt
486 2425 624 2502 merten,
655 2425 707 2510 sut)
735 2423 895 2510 tornitrua
917 2423 996 2490 torn
1032 2430 1105 2494 cett.
1129 2431 1161 2493 et
1191 2423 1333 2492 dativum

186 2542 248 2589 non
275 2524 316 2589 ad
347 2531 524 2602 spectamen,
560 2524 616 2591 sed
648 2524 691 2591 ad
724 2532 768 2588 eet
794 2527 939 2605 spectare
973 2529 1060 2604 puto.
1106 2521 1197 2604 Quod
1224 2525 1336 2590 contra

188 2621 368 2688 Schellerus
400 2628 473 2686 bono
494 2642 577 2688 seruo
613 2641 671 2704 pro
702 2625 771 2685 boat
791 2625 870 2686 serui
896 2621 1035 2703 positum
1065 2639 1136 2687 esse
1163 2621 1333 2702 existimat,
1434 2627 1437 2638 '

187 2723 225 2784 ut
245 2720 403 2801 passivam
425 2721 544 2788 habeat
572 2717 833 2803 significationem
854 2719 978 2786 ratione
1006 2717 1116 2784 habita
1143 2718 1334 2785 substantivi

186 2817 332 2899 verbalia,
354 2820 438 2901 quod
458 2825 508 2886 est
530 2819 720 2901 appositum,
743 2836 820 2900 ergo
843 2820 878 2881 ut
898 2815 1001 2883 bonus
1024 2835 1136 2884 servus
1158 2819 1334 2899 spectetur,

189 2935 253 2982 non
274 2922 311 2982 ut
332 2923 466 2998 spectet.
508 2917 604 2983 Poen.
621 2915 660 2998 V,
684 2921 712 2997 5,
736 2920 792 2983 21;
817 2919 893 2993 Quid
915 2919 970 2978 tibi
992 2921 1121 2996 negotist
1143 2923 1241 2979 antem
1266 2933 1333 2978 cunr

189 3017 286 3079 istac?
308 3018 356 3077 dic
377 3019 458 3078 mibi.
501 3013 595 3081 Poen.
622 3012 661 3096 V,
683 3020 713 3095 4,
738 3015 904 3079 17:1edde
927 3017 973 3077 his
995 3017 1182 3095 libertatem,
1207 3016 1335 3076 inuictae

189 3117 352 3191 praemium
372 3123 405 3176 ut
427 3133 493 3177 esse
517 3117 607 3178 sciam
622 3116 738 3190 pietati.
782 3109 879 3177 Poen.
901 3109 940 3192 V,
964 3115 992 3191 2,
1018 3116 1093 3178 113:
1124 3115 1245 3190 Signum
1267 3126 1333 3174 ease

192 3219 310 3290 oportet
332 3215 362 3274 in
384 3231 472 3274 mann
493 3216 579 3274 laeva
600 3213 662 3273 tibi.
705 3209 802 3276 Poen.
824 3209 863 3290 V,
886 3213 915 3288 2,
940 3213 1017 3274 105:
1039 3213 1218 3290 Ampsigura
1238 3215 1336 3271 mater

189 3313 264 3373 mibi
285 3311 350 3386 luit,
373 3313 483 3372 Iaehon
506 3316 601 3387 pater.
630 3307 697 3372 Mil.
720 3305 780 3387 III,
805 3312 832 3386 1,
858 3311 933 3370 127:
955 3311 1033 3371 Huic
1055 3311 1167 3373 homini
1189 3311 1338 3385 dignumst

191 3411 309 3470 divitias
337 3427 404 3471 osse
431 3416 462 3470 et
488 3411 538 3469 diu
570 3409 660 3469 vitam
693 3407 774 3482 deri,
812 3403 867 3470 ubi
900 3401 980 3471 falso
1002 3405 1191 3472 Luebkerus
1213 3403 1253 3468 de
1275 3419 1338 3468 usu

186 3504 245 3571 ini.
258 3504 362 3570 Plaut.
378 3503 616 3587 paccatum
631 3523 650 3568 a
664 3505 787 3580 dicaam
798 3501 937 3580 pendere
952 3503 1075 3568 statuit.
1119 3500 1233 3568 caecil.
1255 3499 1337 3566 Stat.

194 3603 312 3669 Asotus
339 3601 376 3668 tr.
401 3605 433 3667 6:
472 3605 514 3664 nil
537 3604 590 3664 tibi
617 3621 676 3665 esse
699 3603 776 3679 quod
799 3602 900 3663 edim?
935 3599 1204 3684 Hypobolimaeus
1235 3597 1273 3664 fr.
1299 3603 1335 3665 3:

190 3703 248 3762 Abi
269 3704 338 3764 binc
361 3707 411 3778 tn,
441 3703 561 3778 stolide,
590 3704 636 3762 illi
656 3707 690 3762 ut
711 3701 766 3761 tibi
792 3701 850 3762 siet
864 3706 960 3778 pater.
1004 3697 1114 3764 Imbrii
1132 3695 1170 3764 fr.
1193 3704 1227 3763 4:
1264 3699 1338 3759 mihi

192 3817 250 3860 non
274 3809 343 3862 sunt
371 3801 506 3863 balneae.
550 3795 743 3879 Triumphus
772 3793 811 3860 tr.
836 3802 870 3860 1:
906 3799 1061 3861 Hierocles
1088 3801 1197 3875 hospes
1223 3803 1270 3860 est
1296 3797 1339 3858 mi

192 3898 367 3960 adulescens
391 3899 548 3975 adprohna.
592 3893 657 3960 Inc.
680 3890 742 3959 fab.
765 3893 803 3959 tr.
828 3897 857 3976 2,
881 3911 908 3960 v.
932 3899 1008 3960 241:
1031 3897 1103 3958 mihi
1125 3902 1172 3958 sat
1194 3901 1254 3970 est,
1277 3895 1335 3970 Qut

194 3997 302 4056 aetatis
326 3998 404 4071 quod
422 3997 567 4072 reliquom
591 4003 637 4058 est
659 3996 806 4056 oblectem
824 4012 918 4058 meae.
941 3992 1067 4058 Terent.
1090 3989 1217 4058 Phorm.
1239 3989 1283 4072 11,
1305 3995 1336 4074 4,

194 4094 248 4155 14:
292 4093 367 4154 Suos
392 4096 496 4170 cuique
518 4111 592 4154 mos.
636 4089 751 4157 Heaut.
782 4089 809 4170 I,
834 4095 861 4171 1,
884 4093 943 4156 23:
967 4098 1119 4154 tantumne
1142 4094 1179 4155 ab
1202 4107 1234 4153 re
1257 4098 1338 4153 tuest

193 4192 236 4250 oti
259 4190 323 4268 tihi,
345 4191 454 4253 Aliena
475 4197 507 4252 ut
530 4207 624 4255 cures.

279 4285 415 4352 Dativus
436 4285 607 4353 iudicantis
627 4283 789 4367 reperitur
811 4283 896 4367 apud
918 4283 1019 4351 Plaut.
1045 4282 1140 4351 Poen.
1156 4283 1215 4362 111,
1232 4290 1261 4365 5,
1279 4288 1336 4350 40:
