3064 4754
463 269 551 312 GASUS
566 271 836 314 SUBS'PAWHVORUU.
849 291 875 302 -
887 272 1027 313 Accusas
1264 281 1327 340 m

175 443 230 524 Ν,
254 447 282 522 2,
309 449 343 508 l:
372 447 450 520 Quid
472 454 528 524 aas,
550 454 653 524 pater,
675 447 755 522 qaod
775 463 822 508 ma
845 447 982 509 adrian
1004 453 1073 508 anta
1096 446 1211 510 rediri.
1244 444 1326 512 Rau

171 542 215 620 ΙΙ,
238 543 268 622 6,
293 543 347 608 32:
385 545 529 608 Bcnamst
555 545 637 619 qaod
665 545 778 606 istaes
799 545 926 618 gratiam
953 546 1060 606 merito
1081 546 1162 606 milri.
1206 542 1278 610 (ias.
1300 545 1328 627 1,

175 643 229 704 18:
252 641 328 717 Ego,
350 643 408 703 huc
431 642 510 716 quud
531 644 598 706 veni
620 644 652 704 lu
673 643 786 715 urbem,
810 642 836 701 si
857 643 1059 716 inpetrareru,
1081 639 1112 704 h.
1127 655 1155 706 c.
1178 641 1220 708 ob
1242 644 1329 722 quod

171 736 288 801 hucin
311 735 423 802 urbam
446 737 600 814 venilsic
623 736 741 814 Gran).
786 736 857 802 Aul.
880 735 923 816 II,
946 740 977 816 2,
999 741 1055 802 26:
1090 747 1151 816 eat,
1179 743 1257 816 qaod
1283 745 1327 805 ri·

173 853 237 896 sam
261 836 389 896 domurn.
434 834 528 900 Most.
551 833 614 916 111,
643 839 673 915 2,
697 839 753 900 231
786 837 869 900 Nitil
895 837 956 897 crit
980 836 1059 910 quau
1086 839 1208 900 drumm
1235 841 1328 902 ullum

173 933 331 994 accnsitea.
375 950 405 996 v.
428 937 483 998 99:
517 934 604 1012 Quod
625 949 671 996 ma
694 935 850 1008 missuras,
879 933 984 995 adiero
1010 951 1097 996 omne
1124 937 1326 1012 inpetratum

173 1028 270 1093 Marc.
293 1027 335 1106 11,
360 1033 388 1108 2,
410 1033 468 1094 46ι
490 1032 574 1092 Nihil
596 1037 644 1092 eat
665 1033 735 1105 iam,
757 1031 836 1105 qaod
856 1038 890 1092 tn
911 1032 984 1092 nihi
1005 1047 1192 1096 suscenseas.
1229 1031 1327 1099 Marc

172 1143 203 1189 v.
226 1128 305 1190 368:
340 1129 418 1190 istuc
448 1130 604 1206 quidest,
638 1130 693 1189 tibi
722 1128 808 1202 qaod*
821 1135 1023 1192 conmutatum
1052 1131 1155 1191 cclcr?
1197 1148 1227 1194 u.
1252 1134 1328 1196 884:

175 1225 254 1298 Quid
274 1226 348 1286 illuc
371 1231 427 1300 cst,
450 1227 529 1300 qaod
549 1228 601 1286 illa
624 1241 642 1286 a
663 1242 710 1285 me
732 1229 814 1286 selus
837 1241 870 1286 ce
891 1228 924 1286 in
944 1227 1098 1288 consilium
1119 1236 1250 1293 sevocat.
1272 1227 1328 1305 IV,

175 1323 204 1399 3,
230 1324 286 1384 12:
310 1325 363 1385 Pol
385 1324 442 1384 huc
465 1330 522 1402 est,
545 1325 590 1384 ire
612 1323 691 1396 qaod
711 1341 763 1382 rua
785 1339 868 1383 meus
890 1324 935 1383 uir
957 1325 1059 1386 naluit
1087 1321 1186 1389 Mera.
1201 1343 1232 1390 v.
1251 1329 1328 1391 119:

175 1419 253 1492 Quid
275 1421 348 1482 illuc
370 1425 433 1496 est,
470 1421 549 1496 qued
576 1422 629 1482 illc
658 1426 721 1481 tan
749 1420 887 1495 expedite
917 1422 1047 1497 exquirit
1070 1439 1225 1484 cursuram
1249 1425 1328 1487 silai?

172 1534 201 1578 v.
228 1521 304 1582 175:
336 1519 413 1593 Quin
435 1524 470 1578 tu
491 1519 628 1594 expedia,
654 1518 730 1590 Quid
754 1518 812 1578 siet
833 1518 912 1592 qaod
932 1535 978 1578 me
1000 1535 1057 1595 par
1077 1522 1181 1582 urbem
1203 1537 1329 1585 cumana

174 1619 338 1690 quaerebas
360 1615 468 1676 modu?
512 1612 626 1694 Amph.
647 1612 707 1692 III,
732 1619 759 1692 l,
785 1617 839 1676 18:
863 1617 1042 1692 Faciamque
1070 1623 1103 1678 ut
1129 1635 1189 1680 unu
1211 1619 1276 1682 fetu
1298 1626 1330 1682 at

173 1715 252 1789 qaod
274 1715 427 1792 gravidast
453 1715 518 1774 viro
544 1715 587 1774 Et
614 1730 661 1774 me
683 1711 763 1786 qaod
783 1714 934 1788 gravidast
953 1717 1054 1789 pumat
1080 1718 1144 1776 sina
1167 1717 1329 1780 dolorilm.

174 1811 300 1875 Terent.
323 1810 405 1874 Eun.
427 1808 489 1888 ΙΙΙ,
511 1813 541 1889 5,
567 1813 620 1873 10:
651 1811 729 1894 Quid
751 1811 897 1884 estquod
918 1813 960 1872 sic
982 1812 1094 1888 gestis?
1118 1845 1158 1858 -
1181 1814 1329 1889 quidest,

173 1909 377 1986 Quodnam
400 1907 453 1970 aa?
497 1907 595 1972 Andr.
618 1906 673 1976 IV.
695 1909 725 1986 3,
748 1910 803 1971 23:
838 1909 935 1983 siquid
958 1915 1018 1983 est,
1046 1911 1132 1987 Quod
1151 1929 1217 1972 maa
1238 1922 1332 1988 opert

175 2025 250 2083 opus
274 2008 314 2068 sit
336 2008 429 2068 achis.
474 2003 551 2069 Hac.
575 2003 632 2081 IV,
656 2008 685 2082 2,
708 2007 763 2068 24:
791 2006 860 2067 Sine
882 2023 929 2067 me
952 2008 1078 2069 obsecra
1101 2008 1157 2068 huc
1180 2007 1330 2086 congere,

176 2106 279 2179 vulgus
294 2104 374 2178 qaod
386 2106 464 2164 male
481 2104 564 2164 audit
582 2105 749 2178 mulierum,
770 2101 856 2180 quud
875 2101 1099 2170 Schmiederus
1117 2121 1177 2185 pro
1197 2109 1233 2168 ob
1253 2107 1332 2182 qaod

176 2199 296 2264 dictum
320 2217 391 2264 esse
415 2198 501 2264 dicit.
545 2196 674 2264 Phorm.
690 2199 727 2278 V,
749 2203 779 2279 8,
802 2203 843 2264 63
859 2216 922 2280 sq:
946 2204 1003 2262 Vin
1025 2205 1152 2278 primum
1175 2205 1263 2265 hodia
1286 2204 1331 2267 la-

179 2315 258 2373 cere,
281 2300 360 2374 qaod
382 2316 437 2374 ago
459 2299 613 2374 gaudeam,
635 2299 837 2372 Nausistrata,
859 2300 901 2359 Et
920 2300 999 2372 quod
1018 2309 1069 2362 tua
1092 2302 1156 2362 viro
1178 2304 1256 2363 oculi
1279 2303 1332 2364 du·

176 2396 283 2456 leant?
326 2395 426 2460 Andr.
449 2394 492 2472 11,
516 2399 546 2472 6,
572 2399 625 2458 17:
659 2396 797 2470 sedeat,
828 2397 906 2469 meod
928 2405 1082 2458 suscenset
1104 2399 1169 2458 tibi.
1213 2395 1330 2462 Heaut

175 2491 255 2571 prol.
280 2511 309 2557 v.
334 2497 369 2557 3:
405 2494 512 2555 deinde
534 2493 614 2567 quod
634 2493 702 2554 reni
724 2494 856 2568 eloquar.
901 2490 971 2556 Hoc
992 2509 1165 2571 pronomen
1184 2495 1263 2570 qaod
1283 2493 1331 2559 in·

175 2587 302 2653 terdum
324 2590 421 2654 etiam
443 2589 523 2654 duas
546 2587 784 2652 enunciationes
805 2588 890 2654 inter
909 2605 943 2654 se
960 2590 1131 2671 coniungit,
1153 2590 1199 2655 ita
1219 2596 1257 2655 ut
1274 2609 1332 2671 pc-

177 2686 275 2750 situm
298 2687 340 2751 sit
362 2705 436 2767 pro:
470 2687 549 2762 qaod
569 2688 675 2748 cttact
696 2687 737 2747 ud
762 2688 796 2746 id
816 2687 900 2762 qaod.
947 2685 999 2751 Sic
1021 2686 1125 2751 Plaut.
1147 2688 1213 2752 Mil.
1236 2688 1278 2766 ΙΙ,
1301 2693 1331 2768 2,

178 2789 213 2847 7:
239 2787 325 2863 Quod
345 2788 398 2848 ille
421 2787 565 2861 gallinam
588 2790 640 2844 aut
656 2786 821 2846 columbam
846 2803 877 2846 se
898 2787 1009 2847 sectari
1028 2793 1080 2846 aut
1095 2789 1207 2847 simiam
1228 2788 1330 2848 Dicat:

180 2884 359 2959 disperistis,
383 2886 415 2944 ni
437 2901 529 2959 usque
553 2882 591 2942 ad
611 2888 738 2942 mortam
761 2886 838 2944 male
861 2885 1056 2958 mulcassitis,
1090 2882 1131 2947 ad
1159 2899 1187 2961 q.
1211 2881 1229 2944 l.
1260 2881 1332 2946 Mu-

178 2983 284 3044 retus:
309 2980 475 3059 „Venusia
490 2975 670 3056 etantiqua
684 2976 813 3056 locutio,
836 2995 918 3058 quae
932 2979 978 3043 sic
999 2978 1200 3060 explicanda:
1226 2978 1333 3056 Quan-

179 3080 248 3140 tum
270 3077 311 3141 ad
333 3076 413 3142 illud
435 3075 568 3153 attinet,
603 3073 736 3154 quadis
760 3076 902 3141 caussari
924 3075 1018 3155 velit,
1045 3095 1080 3140 sc
1103 3076 1252 3157 gallinam
1275 3080 1335 3142 aut

180 3174 360 3240 columbam
383 3178 440 3240 aut
463 3171 601 3249 simiam,
622 3187 705 3250 quae
721 3172 815 3238 demo
837 3172 1010 3254 aufugerit,
1033 3173 1191 3253 persequi,
1213 3172 1333 3238 nullam

178 3271 298 3353 accipio
321 3289 459 3351 causam,
486 3277 593 3338 actum
615 3279 666 3340 est
688 3273 728 3338 de
749 3270 849 3350 rubis,
872 3270 934 3336 nisi
953 3270 996 3335 ad
1016 3275 1151 3335 mertem
1174 3288 1247 3334 eum
1261 3287 1333 3336 ver·

177 3367 398 3435 beraveritis.“
423 3368 548 3435 Curcul.
559 3371 602 3451 ΙΙ,
616 3377 644 3450 3,
659 3374 713 3435 48:
738 3372 792 3432 Sat
812 3371 891 3444 qaod
905 3377 935 3431 ta
958 3371 1042 3430 missi
1064 3371 1157 3430 nihilo
1180 3387 1244 3431 snm
1267 3387 1333 3431 car·

177 3471 237 3530 tior
261 3467 322 3547 (sic
344 3466 561 3546 Fleckeisen,
594 3468 794 3549 vulgoque).
839 3464 924 3531 Asin.
950 3465 1004 3544 lV,
1037 3472 1062 3544 l,
1096 3469 1139 3529 ta:
1173 3469 1260 3544 Quod
1280 3470 1335 3528 illa

176 3573 228 3626 aut
251 3569 377 3628 amicum
410 3585 494 3628 suum
523 3575 575 3628 aut
601 3575 759 3643 patronum
787 3567 921 3625 nominet
948 3567 1009 3625 Aut
1035 3565 1113 3639 qaod
1138 3567 1192 3625 illa
1221 3567 1334 3626 amicae

175 3681 246 3725 suae
269 3672 432 3725 amatorem
454 3666 625 3740 praedicat,
648 3666 743 3725 Fures
766 3663 921 3724 acclusaae
945 3664 1009 3723 eins
1032 3663 1167 3724 omnibus
1195 3664 1256 3722 sint
1276 3663 1336 3726 nisi

174 3763 237 3822 tibi.
282 3759 369 3824 Asin.
392 3758 448 3839 IV,
475 3766 502 3839 l,
529 3765 583 3824 16:
604 3765 666 3824 Aut
687 3761 766 3836 quad
784 3763 837 3821 illa
858 3760 939 3820 dicat
961 3777 1088 3836 peregre
1113 3760 1243 3820 adlatam
1270 3762 1335 3837 api-

175 3860 299 3934 stulam,
333 3861 379 3920 lla
402 3860 533 3934 epistula
555 3862 673 3935 quidem
705 3861 767 3920 ulla
789 3859 829 3918 sit
855 3856 1040 3918 insedibus.
1085 3853 1155 3920 Oua.
1190 3856 1215 3935 I,
1238 3873 1267 3920 v,
1293 3859 1335 3920 39

173 3956 251 4028 qaod
271 3962 301 4016 te
323 3959 458 4032 postules
481 3957 609 4018 Gustare
643 3958 813 4033 quidquam,
836 3956 912 4020 cett
935 3952 1063 4017 Terent
1085 3952 1219 4033 Adelph.
1240 3954 1282 4032 ΙΙ,
1308 3957 1337 4033 l,

174 4054 209 4116 8:
232 4055 276 4114 Tu
295 4053 374 4127 qaod
392 4060 422 4113 ta
437 4055 587 4128 posterius
602 4071 720 4130 purges,
736 4085 779 4098 -
804 4054 891 4113 huius
913 4069 972 4111 nun
993 4050 1110 4127 lacum,
1134 4051 1219 4131 quod
1233 4050 1337 4116 Rndd.

173 4147 605 4229 11,p.1uaexplieatper:
633 4149 855 4231 purgationem
888 4152 986 4212 tuam.
1031 4146 1235 4216 Germanice:
1267 4149 1338 4212 mci

173 4242 233 4308 tad
256 4241 425 4328 artemii,
447 4242 509 4326 tat
527 4245 568 4310 bu
590 4243 651 4328 uc)
675 4242 819 4327 riallrirlrt
853 4241 980 4326 natira
1003 4242 1221 4330 autiqulthru
1244 4241 1337 4326 mitt.

1038 4348 1101 4410 16*
