3004 4764
202 254 263 312 374
645 245 770 286 Pacuuii.
785 246 848 288 ene.
864 247 900 286 vr.

200 416 260 498 111,
284 421 313 497 5,
339 420 818 495 19:1taminireuuuciamma,
842 424 946 497 quibus
970 421 1060 482 eredo
1083 421 1164 494 satis,
1188 435 1230 482 sc.
1248 416 1289 483 ab
1313 417 1356 482 il·

200 515 249 596 lis,
270 534 296 581 v.
311 513 408 579 Gron.
432 515 472 580 ad
487 515 580 580 Poen.
596 515 650 595 IV,
673 521 703 596 2,
721 521 771 596 52,
793 520 995 594 pteouosuaua
1009 520 1117 580 autem
1132 515 1203 580 Aul.
1223 514 1279 585 IV,
1297 519 1351 596 10,

202 618 258 679 28:
276 615 352 688 Quin
364 621 396 674 tu
408 632 473 674 eom
484 616 626 690 iuvenies,
642 619 770 693 inquam,
786 635 882 678 meam
893 617 977 678 titum
989 633 1055 676 esse
1066 622 1216 691 oportere,
1232 617 1354 676 Euclio.

286 709 484 775 Pronominis
511 713 574 773 titio
603 710 681 776 haec
709 711 808 780 hahes
838 711 989 792 exempla.
1032 711 1136 776 Plaut.
1160 709 1245 775 Trin.
1267 711 1353 790 prol.

201 828 230 874 v.
255 813 287 874 6:
323 812 408 871 Nunc
431 811 522 885 igitur
543 813 669 888 primum
691 830 766 888 quae
790 830 844 888 ego
867 813 921 872 sim
944 818 976 872 et
998 829 1072 888 quae
1093 812 1182 871 illaec
1204 812 1261 871 siet
1284 813 1355 870 Huc

202 928 277 988 qnae
301 910 374 971 abiit
397 910 490 984 iutro,
514 911 618 972 dicam.
663 906 701 972 cf.
725 927 753 972 v.
778 913 811 974 9:
844 911 917 970 Tum
938 909 1029 968 illone
1050 909 1121 968 mihi
1144 925 1210 969 osse
1233 915 1356 983 gnatam

202 1010 295 1072 voluit
318 1008 461 1081 Inopiam.
492 1005 583 1086 Epid.
607 1004 644 1085 V,
671 1011 697 1084 l,
721 1010 754 1070 3:
780 1009 856 1082 Quid
878 1008 950 1068 illuc
972 1014 1026 1068 est.
1057 1023 1085 1068 v.
1110 1010 1149 1068 l4
1170 1007 1240 1066 illic.
1268 1003 1353 1068 Rud.

202 1104 256 1181 IV,
280 1109 309 1179 4,
336 1108 387 1167 14:
411 1107 464 1164 Vir
486 1110 632 1167 scelestus
655 1107 717 1166 iilic
739 1111 792 1167 est.
840 1102 1016 1184 Aliquoties
1038 1121 1101 1168 non
1124 1105 1174 1166 est
1200 1095 1354 1173 δεικτικόν,

204 1199 468 1284 quemadmodum
495 1205 583 1266 recte
606 1202 721 1266 docent
740 1201 966 1266 Fleckeisenus
997 1219 1097 1266 exerc.
1121 1203 1223 1268 Plaut.
1254 1222 1285 1284 p.
1314 1211 1357 1272 14

204 1305 238 1364 et
258 1297 419 1364 Beckerus
444 1298 484 1363 da
507 1317 584 1364 com.
606 1300 697 1364 Rom.
721 1304 844 1379 quaest.
867 1317 897 1380 p.
923 1304 991 1365 109.
1038 1299 1090 1365 Sic
1118 1303 1232 1384 Amph.
1255 1302 1298 1381 ΙΙ,
1323 1308 1356 1379 2,

203 1401 254 1464 36:
282 1399 439 1462 Gravidam
462 1416 516 1474 ego
538 1399 629 1459 illunc
651 1401 698 1462 hio
720 1401 838 1475 reliqui.
884 1396 969 1462 Trin.
985 1398 1026 1477 11,
1049 1405 1078 1479 4,
1104 1405 1178 1468 119:
1200 1405 1257 1464 Per
1280 1403 1357 1464 deos

203 1507 292 1573 atquo
315 1499 447 1558 homiues
470 1498 545 1571 dico,
569 1515 605 1557 ne
628 1504 660 1557 tu
681 1497 774 1558 illunc
796 1515 898 1574 agrum
913 1500 1005 1558 Tuum
1029 1501 1096 1562 siris
1119 1519 1254 1576 umquam
1276 1501 1356 1560 fieri.

204 1592 329 1657 Terent.
353 1591 449 1658 Andr.
473 1592 533 1672 III,
557 1598 585 1673 5,
611 1599 643 1657 l:
665 1597 723 1658 Ubi
744 1597 806 1656 itttc
828 1602 883 1658 est.

500 1763 558 1828 III.
602 1763 812 1830 Pronomen
834 1765 1046 1830 relativum.

290 1892 338 1952 22.
368 1905 396 1952 a.
420 1890 605 1965 Sipoifiootv'o
620 1891 807 1964 pronominis
827 1891 954 1950 relativi.
977 1888 1156 1954 Pronomen
1176 1888 1356 1954 relativum

203 2005 334 2066 semper,
357 1987 486 2066 ponitur
513 1985 545 2048 iu
573 1985 793 2050 enuntiatione
832 1987 1018 2052 secundaria
1052 1991 1086 2052 et
1118 1986 1256 2069 primum
1284 1988 1356 2066 qui-

206 2085 287 2163 dem,
310 2085 347 2148 ut
369 2082 419 2147 vel
441 2099 554 2149 nornen
577 2082 676 2162 docet,
698 2081 837 2149 refertur
859 2085 898 2150 ad
925 2086 1085 2150 notionem
1104 2085 1284 2152 accuratius
1304 2103 1357 2150 ex·

206 2180 385 2263 ponendam
409 2184 441 2246 et
463 2180 711 2258 describendam,
735 2179 848 2246 deiude
864 2188 969 2246 autem
987 2184 1083 2250 etiam
1104 2183 1136 2250 in
1152 2180 1354 2264 significatio·

205 2297 278 2344 nem
293 2276 363 2345 finis
378 2297 402 2344 s.
420 2278 543 2345 consilii
557 2282 653 2356 atque
668 2295 782 2342 causae
798 2295 832 2342 se
848 2280 1013 2345 convertit.
1042 2281 1114 2347 Non
1127 2299 1201 2346 raro
1217 2278 1357 2344 refertur

205 2378 247 2442 ad
269 2395 442 2458 pronomen
464 2378 630 2458 personale
653 2381 686 2440 et
707 2374 769 2442 hoc
791 2376 823 2440 in
845 2395 879 2440 se
902 2376 1048 2457 includit,
1082 2380 1128 2445 sic
1157 2379 1198 2443 ad
1219 2377 1357 2458 primam

206 2493 375 2556 personam
406 2475 509 2540 Plaut.
537 2476 647 2556 Amph.
675 2474 755 2555 prol.
783 2493 810 2538 v.
836 2479 885 2549 57,
913 2477 954 2540 ad
982 2478 1151 2542 secundam
1178 2475 1268 2556 Epid.
1297 2474 1357 2555 ΙΙΙ,

211 2579 237 2652 l,
261 2577 294 2636 8:
318 2577 395 2650 Quid
410 2577 493 2636 illum
513 2575 613 2638 facere
637 2579 688 2651 vis,
711 2578 764 2650 qai
786 2577 840 2638 tibi
863 2580 932 2652 quoi
955 2578 1075 2640 divitiae
1100 2578 1177 2637 domi
1199 2593 1356 2636 maxumae

208 2680 285 2748 sunt,
308 2675 338 2734 Is
359 2675 449 2734 habes
471 2691 618 2734 nummum
640 2678 759 2736 nullum.
807 2673 844 2752 V,
870 2679 896 2752 1,
920 2677 974 2738 31:
1003 2676 1074 2748 Quis
1098 2681 1130 2734 tu
1152 2673 1282 2748 homo's,
1305 2673 1358 2746 aas

207 2789 302 2834 meum
329 2779 487 2848 pareutum
513 2789 618 2832 nornen
644 2790 789 2834 memmae
815 2780 846 2834 et
871 2772 988 2832 meum?
1031 2770 1157 2835 Terent.
1189 2769 1269 2833 Eun.
1300 2768 1357 2849 IV,

208 2875 236 2948 7,
261 2874 314 2932 24;
348 2867 492 2944 Rogitas?
525 2885 600 2942 quoe
627 2871 669 2928 mi
697 2878 766 2932 ante
794 2873 895 2931 oculos
922 2887 1021 2931 coram
1043 2877 1206 2931 amatorem
1231 2868 1359 2928 adducti

208 2967 308 3030 tuom?
332 2963 369 3030 ci.
392 2964 509 3030 Bernh.
534 2970 613 3046 synt.
637 2983 740 3046 graec.
763 2984 792 3047 p.
816 2970 888 3030 291.

296 3062 327 3140 1)
352 3060 539 3144 Spectemus
554 3062 690 3144 primum
714 3081 805 3128 usum
830 3063 1013 3145 simplicem,
1037 3081 1099 3144 quo
1122 3063 1282 3128 notionem
1303 3079 1360 3126 ex-

209 3161 299 3244 ponit
320 3165 354 3224 et
375 3160 527 3225 describit
548 3161 736 3226 accuratius.
782 3160 860 3228 Cato
881 3161 918 3224 fr.
940 3162 999 3225 inc.
1022 3179 1072 3241 ap.
1089 3160 1170 3226 Gell.
1186 3160 1275 3240 XIII,
1300 3164 1358 3226 23:

207 3265 239 3324 Si
267 3262 337 3339 quid
367 3266 413 3322 est
444 3297 481 3308 -
506 3259 584 3333 quod
605 3267 687 3336 utar,
726 3268 807 3336 utor,
840 3258 870 3323 h.
892 3277 918 3324 e.
942 3276 1004 3338 quo
1029 3259 1076 3324 nti
1104 3259 1232 3340 possim.
1275 3257 1357 3324 Cato

208 3360 245 3424 R.
269 3358 305 3422 R.
329 3354 362 3422 Ο.
388 3361 440 3421 ll:
473 3359 631 3432 aheneum,
665 3359 742 3432 qood
763 3360 843 3434 cupit
863 3361 990 3420 culleum
1019 3379 1116 3422 unum.
1161 3355 1194 3420 C.
1218 3361 1252 3420 2:
1286 3357 1360 3434 quid

208 3463 266 3522 siet
281 3459 359 3534 quod
374 3464 488 3518 veneat.
513 3453 703 3534 Corruptum
721 3459 770 3518 est
785 3472 874 3535 pron.
891 3455 980 3520 relat.
998 3475 1022 3521 c.
1043 3463 1073 3521 l:
1105 3459 1154 3532 qui
1169 3458 1200 3516 iu
1217 3457 1262 3517 his
1277 3456 1359 3530 agris

207 3558 332 3634 praedia
354 3554 555 3629 vendiderint,
578 3572 648 3628 quos
671 3557 772 3632 pigeat
793 3556 970 3630 vendidisse,
993 3572 1051 3635 pro
1072 3570 1134 3633 quo
1156 3549 1362 3618 hauddubie

210 3658 263 3716 hoe
284 3650 335 3716 vel
356 3669 403 3712 eos
425 3648 625 3715 scribendum
648 3654 706 3716 est.
752 3650 784 3715 O.
809 3657 848 3716 79
878 3658 1002 3727 puomos
1024 3675 1065 3702 ==
1086 3654 1173 3730 quot.
1198 3649 1360 3716 Schneid:

208 3751 333 3832 „Saepe
360 3749 405 3811 ite
430 3746 606 3826 Palladius,
640 3749 693 3828 qui
722 3754 755 3813 et
786 3753 954 3825 otmooutos
986 3768 1045 3830 pro
1072 3748 1192 3829 aliquot
1220 3746 1361 3829 posuit“

209 3848 301 3914 Ennii
323 3845 613 3911 Pancratiastarum
634 3844 674 3910 fr.
699 3850 732 3910 2:
768 3851 840 3922 Quis
863 3857 923 3927 est,
958 3851 1007 3925 qui
1030 3850 1140 3910 nostris
1167 3847 1274 3908 finibus
1298 3853 1363 3906 tam

208 3949 398 4025 proterviter.
441 3942 650 4024 Epicharmus
680 3942 716 4008 fr.
742 3951 775 4008 7:
809 3949 882 4008 Istic
906 3956 952 4009 cst
973 3949 998 4008 is
1021 3948 1154 4022 Iuppiter
1177 3963 1261 4019 pacm
1282 3946 1362 4006 dico.

206 4044 372 4109 Ib.v.11:
394 4047 494 4105 Haece
516 4051 641 4120 propter
656 4047 793 4121 Iuppiter
815 4053 884 4106 eunt
905 4048 964 4108 ista
985 4062 1059 4120 quoe
1082 4047 1147 4106 dico
1169 4045 1233 4104 tibi.
1255 4040 1364 4106 Plaut.

209 4141 324 4206 Pseud.
346 4139 372 4221 Ι,
394 4145 424 4216 4,
450 4145 505 4204 12:
538 4144 643 4218 viginti
664 4145 773 4218 minas,
809 4146 891 4218 Quae
917 4161 1059 4220 nusquam
1087 4161 1164 4204 nunc
1193 4149 1261 4215 sunt
1286 4158 1361 4224 ¹geu-

94 4233 97 4240 ’
211 4244 294 4317 tium,
316 4243 463 4302 inveniam
486 4246 593 4300 tamen.
625 4237 738 4304 Bacch.
750 4239 807 4320 IV,
821 4246 852 4320 4,
869 4245 923 4305 75:
948 4243 1025 4316 Quid
1047 4239 1180 4318 parasti?
1209 4237 1260 4304 ΡΙ.
1276 4240 1366 4318 Quae
