3064 4754
234 259 298 316 240
675 255 830 294 sussusnr.
852 253 914 293 our.
927 253 967 290 111.

236 443 313 486 nunc
336 427 376 485 mi
398 441 430 486 es
453 429 571 500 auctor,
605 429 754 502 Milphio?
797 427 893 491 Poen.
917 425 976 504 111,
998 431 1029 506 4,
1055 429 1108 488 ll:
1141 423 1221 500 Quid
1249 439 1328 482 nunc
1351 423 1393 480 mi

235 528 375 583 auctores
399 523 495 582 estis?
538 519 636 586 Mero.
653 521 708 602 IV,
733 516 761 604 3,
785 527 844 589 33:
868 525 950 598 Tam,
974 524 1096 584 siclinii
1117 539 1188 583 usur
1211 525 1293 580 esset
1315 521 1405 582 cett.-

236 616 320 680 Trin.
344 615 387 695 Il,
409 622 440 697 4,
465 621 541 682 102:
564 621 623 681 Ubi
646 639 716 682 usus
738 622 816 681 masc
838 628 904 682 erut
927 619 982 697 [ei]
1006 622 1100 696 dicto,
1125 613 1277 692 ‘spondeo’
1300 618 1390 676 Dice-

236 718 296 774 hat.
341 713 433 793 Epid.
457 713 482 794 l,
506 721 535 794 2,
560 721 616 781 33:
651 721 834 792 miserumst,
869 720 1016 792 ingratum
1041 733 1106 778 esse
1130 715 1278 774 homiuem
1306 711 1392 790 (Pal-
1501 713 1519 770 .’

235 810 354 874 menius
377 813 503 883 tumim,
536 814 586 893 Ap
609 815 764 890 homiuem)
791 817 825 874 td
849 816 927 891 quod
954 813 1047 874 iacies
1073 815 1161 874 bene.
1206 807 1302 872 Poen.
1330 807 1390 887 III,

238 912 265 984 1,
291 913 344 970 15:
367 911 486 972 obnoxii
507 913 593 972 stac.
630 929 659 975 v.
676 915 731 975 69:
754 913 943 995 Heia„haud
958 917 1119 973 vostrumst
1139 909 1297 970 iracundos
1314 925 1391 981 esse,

233 1007 313 1081 quod
337 1007 398 1066 dixi
418 1011 494 1082 ioco,
519 1025 561 1071 se.
576 1011 611 1068 id
632 1026 656 1073 s.
672 1015 791 1084 propter
812 1011 852 1073 te.
897 1007 985 1072 Pers.
1001 1025 1030 1071 v.
1048 1011 1124 1071 735:
1147 1024 1217 1066 num
1239 1007 1393 1080 quippiam

236 1104 313 1164 altat
332 1121 379 1164 me
409 1105 474 1166 vis?
517 1103 606 1168 Pers.
628 1105 684 1184 IV,
714 1109 743 1185 6,
770 1111 826 1170 10:
860 1105 1015 1180 Numquid
1043 1111 1173 1165 ceterum
1204 1105 1254 1162 Me
1284 1104 1392 1164 voltis?

235 1197 331 1262 Most.
353 1198 414 1280 III,
439 1205 466 1278 1,
490 1203 524 1263 8:
551 1205 610 1264 nisi
631 1206 704 1277 quid
725 1221 851 1265 occurro
880 1207 972 1279 prius.
1017 1201 1113 1264 Poen.
1136 1199 1196 1277 ΠΙ,
1226 1204 1255 1278 5,
1283 1202 1338 1262 25;
1360 1201 1394 1258 te

239 1315 316 1357 nunc
338 1299 385 1357 his
414 1301 568 1359 cerebrum
591 1302 687 1360 uritur
710 1299 791 1372 (he.
814 1304 946 1380 propter
967 1299 1009 1377 id,
1033 1297 1300 1378 proptereaque
1323 1313 1390 1358 esse

236 1396 289 1454 hos
314 1401 466 1456 trecentos
489 1397 643 1472 Philippos
674 1397 822 1458 facturum
849 1400 934 1458 lucri.
981 1395 1075 1460 Most.
1099 1393 1157 1473 ΙΙΙ,
1188 1399 1216 1472 2,
1249 1397 1324 1456 10οι
1359 1395 1392 1454 te
1518 1405 1519 1408 ’

239 1509 302 1550 sum
325 1495 490 1566 opperitus,
518 1491 548 1554 h.
572 1511 598 1556 e.
621 1498 753 1572 propter
773 1493 805 1557 id
828 1491 984 1574 [Perizon.
1011 1491 1052 1556 ad
1075 1491 1180 1556 Senot.
1204 1490 1336 1554 Minerv.
1359 1508 1390 1569 p.

238 1582 324 1665 282].
367 1585 434 1649 Mil.
460 1588 501 1668 gl.
523 1588 580 1668 IV,
602 1595 632 1669 4,
657 1595 711 1653 22:
734 1593 775 1651 Id
795 1609 850 1652 nos
873 1592 911 1652 ed
933 1599 974 1666 te,
998 1592 1094 1666 siquid
1117 1593 1224 1662 velles,
1248 1592 1390 1649 venimus.

236 1681 329 1746 Most.
346 1683 400 1763 IV,
424 1689 452 1764 3,
467 1688 533 1748 ⁴16:
556 1689 613 1748 nisi
635 1691 708 1762 qaid
729 1692 821 1764 magis
843 1691 886 1749 Es
910 1695 1081 1763 occupatus,
1105 1705 1226 1762 operam
1249 1688 1321 1746 mihi
1345 1689 1390 1746 da.

234 1779 322 1844 Pers.
346 1799 375 1845 v.
397 1787 459 1846 462
484 1787 519 1845 et
542 1787 617 1847 726:
639 1787 787 1859 namquid
804 1785 924 1846 moror?
966 1783 1053 1848 Pers.
1071 1781 1107 1862 V,
1134 1787 1161 1862 l,
1187 1787 1240 1847 15:
1262 1786 1326 1859 Ego
1348 1784 1393 1842 ait

236 1897 342 1940 moror.
389 1879 482 1942 Most.
505 1897 533 1942 v.
551 1885 629 1944 319:
652 1884 773 1956 Ecquid
794 1885 848 1943 tibi
871 1883 973 1942 videor
995 1900 1043 1942 ma
1069 1913 1101 1924 -
1127 1899 1240 1941 ma-
1261 1881 1391 1943 madere.

236 1991 264 2036 v.
289 1979 365 2038 750:
388 1978 544 2050 Numquid
564 1980 731 2054 increpavit
752 1979 866 2040 filium?
909 1977 996 2042 Pers.
1020 1976 1045 2051 Ι,
1071 1981 1099 2054 3,
1124 1981 1177 2040 28;
1200 1979 1393 2051 ecquidnam
1518 2017 1519 2072 ἐ

238 2075 409 2134 meministi.
455 2073 509 2153 IV,
533 2080 563 2151 4,
587 2081 620 2139 3:
654 2077 810 2150 Numquid
835 2079 983 2152 principio
1007 2078 1135 2136 cessauit
1157 2077 1278 2135 verbum
1304 2076 1391 2135 docte
1518 2077 1519 2102 ³

239 2171 361 2230 dicere?
404 2169 461 2248 IV,
485 2177 515 2250 4,
539 2175 597 2237 69:
630 2191 668 2233 ne
690 2175 764 2246 qaod
785 2177 876 2234 mirer
896 2191 992 2232 meum
1014 2176 1131 2233 malum.
1176 2169 1273 2234 Poen.
1296 2169 1339 2248 II,
1362 2189 1392 2233 v.

152 2259 161 2278 '
241 2271 295 2330 12:
333 2271 1132 2348 Quanuotequodsaceratscushaberenoluit,
1166 2264 1393 2346 desuetorum
1518 2323 1519 2344 ,

239 2362 318 2445 utdpt
341 2380 442 2449 grang
465 2362 563 2446 cocco
586 2361 700 2429 metite.
745 2365 859 2430 Bacch.
884 2364 939 2444 IV,
963 2369 992 2444 9,
1016 2369 1071 2430 96;
1095 2373 1129 2427 ut
1151 2373 1198 2428 sat
1220 2367 1331 2426 babeas
1353 2366 1394 2425 td.

238 2461 326 2524 Trio.
350 2462 375 2542 I,
399 2467 427 2542 2,
453 2467 505 2527 59.
533 2463 650 2527 Pseud.
674 2463 699 2542 I,
724 2469 752 2540 3,
776 2468 830 2527 74;
853 2463 946 2525 Nilne
969 2471 999 2524 te
1022 2463 1165 2524 miseret?
1209 2461 1335 2526 Trabea
1355 2460 1394 2524 fr.

241 2559 301 2622 inc.
324 2557 386 2623 fab.
415 2564 441 2637 1,
464 2579 493 2624 v.
517 2563 552 2622 2:
587 2562 657 2637 quid
679 2562 822 2622 studeam.
868 2559 995 2624 Terent.
1018 2558 1094 2624 Hec.
1118 2557 1160 2637 II,
1191 2564 1217 2637 1,
1248 2564 1283 2622 2:
1319 2576 1395 2636 quoe

234 2657 314 2716 haee
338 2665 385 2718 est
408 2660 588 2719 coniuratio!
632 2659 705 2719 Utin
728 2675 830 2720 omnes
851 2661 993 2736 mulieres
1015 2659 1116 2718 eodem
1139 2675 1234 2733 aeque
1256 2658 1397 2718 studeant

240 2742 393 2829 nolintque
410 2755 530 2816 omnio?
567 2753 664 2818 Andr.
681 2753 706 2829 l,
729 2759 757 2833 l,
774 2759 830 2818 31:
853 2758 967 2816 Horum
989 2757 1041 2816 ille
1063 2757 1109 2816 ait
1129 2755 1248 2831 egregie
1270 2761 1396 2830 praeter

236 2857 342 2911 cetera
364 2852 518 2914 studebat.
553 2849 828 2930 Heouc.11‚4‚2:
851 2853 893 2911 Id
913 2860 946 2912 tu
968 2870 1056 2928 quom
1079 2853 1228 2914 studuisti.
1259 2848 1394 2929 Adelph.

239 2945 277 3023 V,
301 2950 331 3024 8,
358 2951 411 3010 16:
443 2949 522 3009 idne
545 2951 614 3010 estts
636 2953 769 3009 accetorce
798 2949 894 3008 mihi?
937 2946 1035 3010 Andr.
1058 2946 1096 3026 V,
1128 2952 1157 3028 6,
1180 2953 1198 3011 7
1222 2963 1283 3026 sq.:
1317 2951 1394 3008 Num

237 3046 290 3103 ille
312 3047 440 3106 somniat
462 3049 522 3116 Ea,
545 3063 620 3121 quae
643 3048 768 3121 vigilans
791 3046 905 3106 uoluit?
948 3043 1076 3131 Phorm.
1100 3041 1142 3124 II,
1167 3050 1195 3124 1,
1219 3048 1274 3108 33:
1303 3047 1396 3120 Atqui

238 3143 282 3200 nil
303 3141 393 3218 fecit,
415 3151 532 3219 patrue,
556 3144 635 3216 qood
657 3159 843 3204 suscenseas.
888 3141 985 3205 Andr.
1001 3139 1044 3221 ΙΙ,
1063 3144 1092 3220 3,
1109 3146 1142 3205 2:
1166 3145 1198 3204 Si
1217 3143 1251 3202 te
1272 3160 1395 3206 suscen-

240 3247 305 3300 seat
327 3258 415 3302 nuuc.
459 3238 576 3302 Hesut.
600 3237 639 3318 V,
664 3242 693 3317 2,
718 3241 773 3301 23:
807 3240 864 3300 Nil
888 3257 1041 3300 succenseo
1068 3242 1132 3301 Nec
1163 3242 1218 3301 tihi
1247 3258 1303 3300 nec
1326 3241 1395 3302 tibi:

237 3353 296 3396 uec
324 3355 376 3398 vos
404 3343 451 3398 est
477 3353 601 3412 aequom
632 3335 688 3414 (sc.
718 3353 904 3400 suscensere
940 3336 981 3400 ob
1010 3335 1056 3416 id)
1091 3340 1170 3414 quod
1203 3337 1284 3400 facio
1316 3339 1397 3396 mihi.

240 3430 366 3497 Phorm.
390 3431 433 3513 ΙΙ,
459 3438 487 3512 1,
510 3437 564 3497 29:
598 3451 635 3494 an
654 3435 688 3492 td
715 3452 871 3496 suscenses
900 3453 977 3495 nunc
1005 3435 1071 3496 illi?
1114 3434 1195 3499 Eun.
1218 3432 1262 3512 ΙΙ,
1282 3437 1312 3511 2,
1338 3435 1396 3495 22:

241 3531 395 3592 Postremo
417 3530 553 3609 inperari
576 3537 693 3606 egomet
715 3533 788 3591 mihi
813 3532 1103 3595 castamserram.
1146 3529 1272 3594 Phorm.
1295 3528 1342 3608 Π,
1368 3532 1397 3608 1,

238 3630 278 3689 8:
301 3630 419 3689 Etiame
441 3630 475 3688 id
494 3632 544 3688 lex
565 3629 684 3704 coegit?
717 3626 798 3691 Eun.
815 3627 858 3708 H,
882 3634 912 3708 3,
935 3632 993 3692 22;
1015 3631 1056 3691 Id
1076 3631 1213 3707 equidem
1236 3630 1397 3691 adveniens

242 3741 355 3784 mecum
378 3727 590 3788 stomachabor
614 3727 711 3788 modo.
740 3723 856 3791 Heaut.
871 3725 914 3805 Il,
932 3730 960 3806 3,
980 3731 1056 3789 111:
1079 3728 1190 3800 neqatd
1212 3727 1397 3788 accusandus

243 3824 293 3884 sis.
337 3819 416 3885 Hee.
439 3820 482 3901 Il,
507 3827 534 3900 1,
559 3826 593 3885 3:
627 3823 732 3898 Neque
754 3826 931 3886 declinatam
961 3824 1120 3898 quicquam
1141 3828 1179 3886 ab
1205 3827 1330 3885 aliarum
1352 3825 1399 3882 in·
1517 3859 1519 3882 ⁴

242 3922 330 3995 genio
352 3923 444 3981 ullam
465 3921 615 3996 reperias!
661 3917 795 3998 Adelph.
810 3919 853 3999 11,
877 3925 906 3999 2,
930 3923 964 3983 2:
988 3923 1064 3995 Quid
1087 3925 1174 3999 istuc,
1198 3923 1317 3993 Sannio,
1342 3925 1399 3996 est,

236 4017 321 4091 quod
343 4023 373 4078 te
397 4018 485 4077 audio
506 4018 626 4090 Nescio,
650 4018 724 4088 qaeu
745 4026 935 4080 concertasse
959 4036 1023 4079 oum
1048 4021 1121 4082 ero?
1164 4017 1262 4081 Andr.
1285 4014 1344 4094 III,
1368 4020 1399 4094 4,

243 4117 276 4175 3:
300 4115 365 4188 Ego
382 4114 488 4174 dudum
507 4131 566 4174 non
581 4114 627 4172 att
642 4117 753 4178 veritus
770 4133 843 4191 sum,
867 4117 960 4190 Dave,
984 4119 1037 4178 ahs
1053 4123 1093 4192 te,
1117 4135 1155 4177 ne
1176 4116 1293 4178 faceres
1309 4116 1398 4174 idem.

240 4207 341 4273 Andr.
363 4207 422 4290 III,
446 4215 475 4290 2,
502 4213 554 4274 18;
590 4213 689 4273 Teneo
713 4211 789 4285 quid
810 4220 901 4273 erret.
945 4210 1079 4292 Adelph.
1104 4211 1142 4290 V,
1173 4217 1203 4292 9,
1233 4215 1287 4275 33:
1322 4213 1403 4286 Quia
