3004 4764
240 263 304 324 400
692 256 819 302 saonen.
839 257 902 300 can.
916 259 954 300 vr.

241 431 335 506 munt,
357 426 387 493 h.
412 445 439 494 e.
462 426 592 510 aliquod
614 434 800 496 monstrum.
822 449 850 495 v.
875 435 930 498 24:
974 433 1100 510 Aliquod
1120 433 1262 512 aceram,
1287 439 1326 493 ut
1353 434 1420 494 hoo

242 545 279 588 uc
301 526 442 589 lacerem.
487 525 603 592 Heaut.
626 526 652 607 1,
680 533 706 607 1,
732 535 782 594 17:
808 529 911 594 fodere
934 539 986 594 aut
1006 549 1093 594 arare
1109 537 1161 594 aut
1176 532 1294 604 01100101
1308 531 1418 594 ferre.

240 621 367 688 Phorm.
389 622 427 698 V,
451 628 481 703 2,
505 628 538 688 δε
582 628 624 688 111
646 629 685 690 sit
708 631 759 704 qui
779 631 867 703 vivat,
891 631 959 692 dum
981 629 1067 691 0111οᾱ
1087 629 1202 704 aliquid
1216 628 1316 708 flagiti
1335 648 1416 690 con-

240 723 331 786 ficiat.
376 720 435 786 Ad.
458 720 512 800 IV,
534 727 565 802 4,
589 727 645 788 26:
668 728 784 802 aperite
807 727 917 800 alicus
938 733 1070 789 actutum
1093 729 1209 790 ostium.

329 822 379 884 35.
403 817 602 886 Pronominis
627 825 784 898 00100000
799 824 960 899 calmana
979 821 1242 905 significationem
1265 821 1415 904 vulgata

242 915 348 996 opinio
381 915 445 982 fert
479 934 549 982 eam
583 937 670 999 esse,
707 925 744 984 ut
776 938 839 984 non
874 921 976 1002 possit
996 922 1072 1002 poni
1093 922 1155 986 nisi
1176 919 1209 984 in
1231 919 1414 986 sententiis

241 1015 441 1096 negantibus.
486 1015 578 1093 Quod
599 1035 662 1082 non
684 1035 794 1084 verum
817 1035 887 1084 esse
909 1018 991 1084 bene
1012 1018 1241 1085 demonstravit
1256 1016 1413 1082 Schmid-

242 1111 307 1194 tius
330 1112 368 1176 de
390 1113 535 1178 Pronom.
559 1133 588 1195 p.
614 1121 663 1191 bs,
686 1116 741 1196 qui
763 1115 856 1182 docet
876 1116 909 1180 iu
930 1115 1113 1182 universum
1134 1115 1164 1180 ei
1183 1115 1409 1180 intendendae

241 1210 419 1274 sententiae
441 1211 503 1278 vim
525 1213 643 1292 inesse,
673 1213 727 1278 ubi
749 1217 856 1278 autem
878 1213 1036 1280 sententia
1057 1231 1178 1294 negans
1199 1213 1256 1292 sit,
1281 1211 1412 1292 signifi·

226 1325 315 1370 care
345 1308 393 1384 id,
422 1326 484 1388 quo
515 1310 554 1374 de
584 1315 715 1391 agatur,
744 1329 784 1376 ne
807 1311 872 1374 ulla
894 1312 1021 1391 quidem
1043 1311 1223 1377 condicione
1246 1310 1409 1390 nulloque

241 1405 336 1469 modo
356 1403 434 1471 fieri·
447 1425 551 1488 posse.
594 1408 719 1490 Pergit:
743 1408 870 1489 „Quare
893 1427 988 1490 quam
1010 1426 1107 1489 supra
1129 1408 1202 1475 huic
1216 1408 1402 1489 particulae

241 1502 357 1581 (quum)
374 1504 477 1571 inesse
500 1506 677 1572 monuimus
699 1509 763 1573 vim
786 1504 997 1588 amplificandi
1019 1510 1052 1573 et
1066 1507 1158 1596 quasi
1172 1506 1403 1586 exaggerandi,

242 1618 312 1664 eam
334 1600 385 1666 hic
408 1618 533 1685 quoque
556 1605 833 1685 deprehendimus,
854 1605 992 1669 intendit
1007 1605 1090 1670 enim
1106 1605 1169 1668 vim
1189 1603 1405 1684 negationis.“

242 1696 386 1776 Quocum
414 1703 572 1768 consentit
598 1703 788 1786 SeyffertuS‚
819 1703 873 1785 qui
902 1702 1035 1767 uberius
1054 1701 1094 1766 de
1116 1701 1176 1766 hac
1198 1721 1233 1784 re
1255 1701 1406 1782 disputat

241 1796 282 1860 ad
304 1797 390 1864 Lael.
412 1818 443 1880 p.
466 1806 506 1864 41
531 1819 577 1881 sq.
600 1802 756 1882 docetque
771 1805 927 1876 quisquam
941 1799 1077 1864 maxime
1093 1799 1277 1881 generalem
1293 1800 1399 1864 notio·

240 1913 312 1959 nem
346 1899 540 1976 pronominis
566 1897 723 1963 indefiniti
751 1899 921 1964 continere.
972 1897 1156 1978 Usurpatur
1183 1901 1293 1962 autem
1321 1903 1403 1974 quas-

240 2013 331 2068 0000
367 1995 463 2060 etiam
500 1997 539 2060 de
577 2016 694 2078 genere
731 1996 893 2075 feminino,
931 1996 1120 2076 omninoque
1142 1993 1202 2060 hoo
1223 2013 1403 2074 pronomen

241 2091 429 2171 plerumque
451 2094 686 2161 substantivum
710 2100 775 2170 cst,
798 2094 882 2159 haud
905 2111 979 2158 raro
1002 2105 1109 2157 tamen
1133 2091 1227 2156 etiam
1252 2095 1401 2160 substan·

240 2189 306 2254 tivo
339 2190 446 2256 addito
476 2193 624 2257 adiectivi
653 2211 785 2258 munere
811 2190 963 2272 iungitur.
1006 2190 1174 2256 Postremo
1203 2191 1302 2258 etiam
1332 2193 1396 2258 alls

229 2289 483 2368 pronominibus
519 2291 661 2370 additur,
699 2308 761 2371 quo
795 2289 956 2371 pertinent
990 2287 1166 2369 pleonasmi
1202 2289 1345 2371 quidam,
1377 2289 1402 2358 si

245 2385 362 2451 dicitur
383 2407 466 2450 0000
486 2392 642 2464 qaisquam
666 2394 699 2454 et
720 2392 797 2451 01011
819 2390 988 2463 quidudum.

330 2502 358 2548 a.
402 2490 566 2563 Quisquam
584 2491 711 2563 positum
732 2492 765 2548 ia
786 2488 948 2554 sententiis,
978 2503 1054 2560 qaue
1079 2503 1141 2547 000
1161 2490 1231 2546 suat
1250 2493 1399 2562 aequares.

132 2612 135 2620 ·
244 2579 357 2647 Naevii
380 2584 565 2664 Agitatorie
587 2585 625 2648 fr.
650 2589 669 2648 6
691 2584 857 2649 Ribbeck:
894 2586 985 2646 Secus
1017 2587 1043 2646 si
1071 2602 1208 2661 umquam
1237 2587 1396 2660 quicquum

245 2680 313 2741 ieci.
359 2679 459 2747 Naev.
487 2682 641 2763 Triphalli
665 2681 704 2746 fr.
720 2702 748 2747 v.
766 2686 820 2748 96:
844 2685 876 2743 81
896 2698 1032 2758 umquam
1055 2683 1211 2756 00100000
1233 2683 1325 2744 filium
1348 2703 1394 2744 re·

245 2781 360 2841 scivero
383 2786 547 2856 Argentum
570 2785 680 2843 amoris
704 2801 795 2842 causa
818 2799 935 2856 sumpse
959 2788 1098 2840 mutuum.
1137 2779 1230 2844 Ennii
1252 2780 1351 2860 epigr.
1370 2786 1397 2858 3,

244 2891 272 2938 v.
296 2881 328 2941 9:
352 2879 451 2940 Silas
475 2883 550 2941 endo
572 2883 676 2956 plagas
700 2882 862 2941 caelestum
883 2879 1046 2940 ascendere
1062 2879 1271 2954 0010οα0001.
1301 2877 1394 2940 Ennii

244 2975 345 3038 annal.
369 2976 388 3039 l.
411 2975 498 3057 XVI,
520 2975 558 3040 fr.
587 2980 636 3041 16:
671 2979 782 3054 Spero,
817 2979 844 3039 si
867 2971 975 3053 'speres
1004 2973 1046 3051 (h.
1073 2992 1101 3039 e.
1128 2977 1212 3054 spes)
1241 2976 1397 3049 puteacum

244 3076 387 3150 prodesse
414 3079 492 3150 potis
516 3084 592 3138 suut.
637 3073 741 3138 Plaut.
765 3072 855 3153 Capi.
879 3073 934 3152 IV,
958 3078 989 3149 2,
1012 3077 1066 3138 29:
1100 3075 1212 3134 Eorum
1234 3077 1260 3134 si
1282 3077 1397 3147 quotus-

244 3191 333 3248 0000
355 3175 483 3234 scrofam
505 3176 536 3235 in
558 3176 679 3250 puplico
703 3191 899 3248 conspexero,
930 3174 977 3232 Ex
997 3174 1071 3247 ipsis
1094 3172 1219 3232 dominis
1246 3174 1320 3232 meis
1342 3192 1395 3248 pu-

242 3273 308 3346 gnis
324 3274 485 3333 exculcabo
501 3270 639 3336 lurlures.
664 3269 778 3334 Caecil.
796 3268 875 3333 Stat.
896 3267 1098 3333 Demandati:
1115 3270 1146 3330 Si
1162 3287 1298 3344 umquam
1314 3272 1393 3342 pais-

248 3385 336 3441 0000
358 3371 439 3445 vidit,
464 3389 549 3446 quem
573 3374 727 3446 catapulta
749 3374 801 3430 aut
821 3369 931 3429 balista
953 3369 1049 3428 icerit.
1074 3364 1201 3429 Terent.
1216 3365 1297 3431 Eun.
1314 3367 1392 3447 prol.

132 3533 136 3540 ,
246 3482 274 3528 v.
295 3470 328 3528 l:
353 3468 384 3528 81
407 3469 600 3542 quisquamst,
622 3470 672 3544 qui
693 3471 814 3542 placere
838 3483 869 3528 se
894 3466 1013 3526 studeat
1034 3465 1119 3526 bonis
1136 3494 1173 3507 —
1191 3465 1226 3524 In
1241 3466 1287 3526 his
1307 3474 1396 3541 poeta

243 3564 291 3624 hic
321 3582 426 3625 nomen
454 3565 613 3640 profitetur
640 3583 731 3626 suom.
777 3562 875 3627 Andr.
899 3559 924 3638 Ι,
952 3565 981 3640 2,
1011 3565 1067 3624 25;
1100 3563 1126 3622 si
1157 3579 1280 3624 sensero
1309 3565 1393 3623 hodie

244 3661 399 3736 quicquam
428 3666 458 3722 in
488 3665 534 3724 his
566 3670 595 3724 te
626 3665 738 3740 nuptiis
762 3663 913 3723 Fallaciae
942 3661 1052 3721 conari.
1096 3657 1145 3740 11,
1175 3662 1208 3738 6,
1238 3664 1272 3724 3:
1310 3662 1392 3734 Quid,

244 3761 336 3835 Dave,
360 3761 487 3822 narrat?
530 3759 598 3824 DA.
634 3779 729 3836 aeque
750 3761 908 3834 quicquam
929 3777 1008 3821 nunc
1030 3760 1157 3835 quidem,
1179 3756 1219 3820 de
1242 3773 1305 3836 quo
1326 3757 1391 3822 loco

242 3853 386 3920 Perizon.
410 3857 451 3921 ad
474 3857 578 3922 Senot.
602 3875 633 3938 p.
658 3861 714 3922 91:
751 3855 806 3936 „Si
831 3852 951 3920 Simoni
972 3853 1098 3934 roganti
1113 3855 1393 3932 0010110000οα1-

245 3957 313 4014 rat?
347 3954 520 4035 respondet
541 3955 669 4034 DavuS,
705 3973 796 4030 aeque
825 3956 981 4030 quicquam
1002 3953 1235 4026 aona-puidam,
1263 3969 1301 4015 eo
1323 3951 1389 4032 ipso

243 4051 321 4116 nihil
343 4052 430 4118 aliud
452 4056 508 4116 aut
528 4052 601 4134 plus
620 4053 696 4118 dicit
725 4070 822 4132 quam
849 4053 951 4121 Nihil,
985 4053 1022 4112 ut
1049 4049 1149 4130 liquet
1176 4067 1214 4114 ex
1241 4067 1391 4130 responso

244 4149 388 4230 simonie,
410 4153 524 4214 Nilne?
553 4153 635 4221 bem,
659 4154 691 4214 et
712 4150 812 4230 ipsius
834 4147 933 4229 Davi,
956 4150 1011 4209 Nr't
1028 4165 1162 4224 prorsas.
1205 4145 1297 4212 Unde
1319 4165 1390 4210 vero

244 4247 500 4328 extorquebimus
521 4251 584 4313 iam
607 4241 643 4308 τὸ
666 4250 754 4310 Ntbil
775 4248 808 4312 in
829 4246 937 4312 verbis
962 4243 1044 4310 Davi
1065 4245 1191 4326 primis,
1224 4243 1390 4326 inquibus
