3004 4764
214 285 276 344 304
427 286 431 296 ¹
657 275 792 318 ΜΚ.
803 275 868 319 w.
882 277 944 318 n·
984 294 992 311 ι

195 449 353 516 iunctm
373 464 476 530 nequo
497 449 532 514 in
551 446 717 530 infinitivo,
741 451 798 516 sed
812 451 846 516 in
859 449 1041 516 lemauso
1054 447 1169 528 posito,
1190 446 1288 512 itaut
1309 463 1378 515 non

194 547 352 627 pensae
373 565 412 612 ex
433 547 603 628 primarie,
636 548 692 614 secl
713 547 791 613 item
814 562 874 628 per
902 565 938 612 se
959 549 1100 623 constet,
1133 545 1191 610 sed
1219 543 1316 608 etiem
1338 543 1377 606 in

210 644 435 711 enuntiatione
456 643 592 725 simplici
613 644 660 710 ite
682 648 801 710 utnon
823 641 982 708 referetur
1008 642 1052 706 od
1077 641 1273 718 subiectum,
1309 656 1376 718 (pne

211 741 379 822 pertinere
398 741 541 820 deberet,
564 741 621 808 sed
643 741 685 806 ud
709 740 804 806 uliam
826 755 996 821 pomonam
1017 735 1050 804 in
1068 737 1375 804 hoc-enunciatione

210 839 349 919 positum
376 843 434 903 aut
456 843 565 904 mente
593 838 781 904 addendam.
826 837 879 902 Sia
908 835 1008 902 Naev.
1032 834 1070 900 fr.
1102 837 1161 902 ino.
1190 834 1265 900 bell.
1291 835 1373 900 Pun.

210 953 242 1017 p.
269 940 308 1001 18
331 935 481 1002 Vahlen:
519 939 659 1013 Plerique
689 955 792 1000 omnes
819 939 995 1012 subiguntur
1022 935 1079 998 seb
1104 953 1193 998 soum
1220 935 1381 998 ἱιιιιὶιιίιιιι.Ι

193 1033 295 1098 (leto
322 1032 359 1098 R
385 1033 424 1098 st
449 1052 475 1100 c.
499 1038 556 1099 31:
591 1037 666 1096 Tum
687 1037 747 1096 erit
766 1036 959 1110 tempestiva,
992 1051 1058 1095 cun
1085 1049 1182 1107 meo
1202 1049 1373 1094 eoem-mo

209 1140 312 1194 turum
332 1133 399 1194 erit·
445 1129 481 1196 0.
504 1137 560 1196 37:
593 1135 671 1194 Vitis
694 1135 721 1194 si
742 1151 844 1194 maere
866 1135 938 1205 erit,
972 1133 1123 1192 comm
1144 1148 1201 1192 osu
1219 1131 1373 1190 concidito

210 1232 333 1292 minute.
379 1227 412 1292 O.
441 1234 514 1292 157:
536 1232 597 1304 Qui
619 1233 662 1291 sic
684 1237 828 1306 purgetne
852 1232 919 1303 erit,
943 1229 1058 1290 diutina
1078 1229 1248 1288 valetudine
1271 1233 1373 1290 utetur

211 1343 307 1402 neqoe
330 1329 408 1390 nllus
428 1329 551 1390 morbus
575 1331 689 1407 veniet,
716 1330 774 1390 nisi
795 1343 851 1390 savo
873 1331 976 1402 culpa,
1006 1342 1045 1388 ex
1071 1322 1189 1403 quibus
1215 1322 1293 1387 letis
1315 1336 1373 1401 ep-

208 1428 317 1504 poret,
339 1443 412 1486 eree
432 1423 467 1488 in
488 1424 619 1504 oudone
640 1423 751 1504 lingua
773 1440 869 1502 saepe
890 1421 923 1486 id
946 1417 1141 1502 significare,
1170 1419 1255 1500 quod
1277 1419 1372 1484 elicui

195 1521 373 1602 proprium
396 1527 454 1586 cst.
497 1521 602 1587 Plano.
624 1521 691 1588 llil.
714 1521 758 1601 ΙΙ,
780 1525 811 1600 2,
835 1525 889 1586 33:
923 1523 965 1582 Ut
992 1539 1058 1582 eum
1088 1521 1139 1596 qui
1164 1535 1195 1580 sc
1218 1520 1270 1579 iric
1296 1521 1374 1578 vidit

209 1621 310 1682 verbis
331 1622 432 1682 uincet
460 1638 498 1682 ne
527 1623 608 1683 isse
636 1622 753 1682 viderit.
798 1617 897 1684 Mero.
920 1617 963 1697 II,
989 1622 1016 1696 1,
1043 1621 1095 1679 ld:
1129 1618 1213 1677 Dicit
1241 1633 1373 1691 cuprum,

210 1735 298 1793 quarn
319 1719 459 1780 dederam
482 1719 657 1780 servandam
683 1718 755 1786 slot,
788 1718 865 1780 Suae
893 1719 994 1780 uxoris
1025 1717 1124 1776 dotem
1156 1714 1371 1776 ambededisse.
1495 1713 1496 1760 l

210 1813 277 1878 Mil.
299 1813 341 1890 ll,
366 1818 472 1891 Led:
511 1834 578 1878 nam
599 1817 626 1877 is
647 1817 730 1877 illins
751 1817 843 1876 liliam
865 1815 984 1877 Gonicit
1005 1815 1035 1874 in
1058 1829 1163 1874 navem
1185 1813 1271 1872 miles
1294 1813 1373 1871 alem

194 1920 338 1986 ‚matrem
359 1929 461 1980 mom,
483 1911 538 1975 ubi
559 1910 666 1975 Lind:
700 1911 902 1991 „Pronomen
923 1909 1139 1989 possessivum
1160 1907 1191 1970 h.
1214 1906 1234 1971 l
1258 1910 1372 1970 contre

209 2007 374 2087 vulgarem
390 2007 578 2072 Latinorum
592 2009 856 2073 consuetudinem
872 2010 1062 2086 usurpatum
1078 2023 1150 2072 esse
1165 2008 1265 2084 patet.
1287 2001 1370 2066 Nam

205 2111 305 2166 moer
331 2123 389 2166 ouo
409 2104 516 2184 potius
539 2104 580 2168 de
601 2104 711 2170 militis
731 2109 835 2170 motre
856 2122 952 2184 quom
974 2103 1013 2168 de
1035 2103 1167 2184 virginis
1188 2100 1369 2180 intelligen-

208 2201 295 2266 dum.
340 2201 405 2267 Sed
425 2201 597 2282 aliquoties
623 2203 670 2266 ita
696 2221 774 2267 voce
806 2221 878 2264 suos
908 2201 962 2266 ⁴usi
990 2201 1195 2266 inveniuntur
1226 2198 1370 2276 Romam,

211 2299 339 2380 saepius
362 2299 507 2380 Plantae,
531 2301 588 2365 sed
610 2305 744 2376 tantum,
768 2297 833 2380 ubi,
856 2299 933 2379 quid
955 2302 1078 2380 spectet
1099 2315 1283 2378 pronomen,
1306 2314 1369 2360 non
1453 2352 1456 2358 .

211 2397 342 2462 dubium
366 2401 426 2462 est
459 2397 503 2462 Et
524 2398 663 2479 videtur,
686 2399 771 2477 quod
793 2401 884 2477 petet
906 2416 925 2462 e
945 2396 1105 2477 formulis,
1128 2397 1160 2460 in
1185 2395 1301 2474 quibus
1323 2395 1373 2458 in-

210 2493 313 2558 veniri
335 2494 435 2573 solet,
466 2499 503 2559 ut
520 2502 611 2572 puter
631 2517 716 2567 sous,
741 2504 837 2560 motor
858 2515 915 2560 seo
936 2499 969 2560 et
991 2494 1148 2560 eiusmodi
1170 2495 1241 2558 aliis
1262 2491 1342 2557 adi
1360 2527 1374 2540 -

211 2591 367 2656 milierern
390 2610 567 2658 sermonem
597 2593 768 2660 referenda
795 2611 865 2660 esse
895 2592 975 2657 haec
1004 2591 1117 2657 rati0.“
1160 2591 1256 2656 Poen.
1279 2591 1317 2669 V,
1343 2595 1372 2665 1,

210 2691 266 2754 18:
289 2692 365 2752 lium
388 2692 498 2754 iecisse
522 2695 614 2768 ciunt,
636 2695 695 2754 uidi
716 2696 795 2770 qnod
816 2692 986 2754 faciundum
1005 2691 1070 2752 fuit.
1114 2689 1202 2755 Pers.
1216 2689 1273 2768 IV,
1291 2694 1320 2766 3,
1336 2693 1373 2752 3:

208 2789 257 2848 lta
277 2806 347 2866 meu
368 2792 480 2852 ancilla
501 2809 577 2866 quae
600 2791 656 2852 fuit
678 2793 776 2866 hodie,
797 2809 854 2852 soa
875 2807 953 2852 nnnc
976 2797 1032 2852 est.

295 2884 346 2950 Ad
368 2883 563 2965 peculiarem
586 2903 679 2952 usum
701 2893 848 2952 veterum
869 2886 1061 2952 comicorum
1084 2884 1277 2966 scriptorum
1297 2899 1373 2962 per·
1495 2873 1496 2914 ³

209 2980 291 3046 tinet
312 2981 409 3046 etiam
430 2979 580 3063 frequens
602 2984 781 3049 coniunctio
808 3005 881 3048 sares
906 2987 973 3048 siti.
1019 2982 1070 3048 Sic
1097 2981 1201 3047 Plaut.
1225 2981 1316 3060 cept.
1343 2978 1372 3065 1,

212 3082 240 3156 1,
266 3083 320 3144 13:
343 3081 490 3144 Cochleee
506 3115 548 3126 -
563 3081 628 3144 Suo
649 3085 707 3144 eibi
729 3103 800 3152 suco
823 3087 932 3156 vivont,
955 3080 1011 3146 ubi
1032 3080 1105 3145 vido
1119 3079 1261 3145 Lindem.
1283 3076 1371 3140 Trin.

209 3173 235 3254 Ι,
259 3179 287 3254 2,
313 3181 390 3242 119;
425 3181 513 3240 Nono
536 3181 560 3240 si
587 3183 641 3241 ille
668 3183 726 3242 hnc
753 3183 851 3242 salvos
877 3182 1008 3258 revenit,
1042 3180 1165 3240 reddum
1191 3195 1278 3240 eroum
1300 3177 1371 3238 siti.

209 3272 306 3338 Poen.
323 3273 362 3355 V,
379 3279 409 3354 2,
433 3279 509 3340 123:
532 3277 625 3338 eoam
647 3295 710 3340 rem
732 3280 789 3340 siti
812 3281 922 3340 salvum
945 3281 1057 3353 estam,
1082 3280 1107 3338 si
1128 3279 1182 3338 illo
1204 3275 1369 3336 advenerit

201 3369 307 3436 ·Poen.
330 3370 412 3452 psol.
434 3391 464 3436 v.
489 3378 545 3438 δῖε
567 3377 666 3437 Locus
689 3383 894 3452 argumentost
909 3393 998 3438 ¹errore
1019 3377 1077 3437 sibi
1097 3377 1296 3450 proscenium
1339 3387 1370 3431 v.

200 3472 265 3532 ev:
288 3471 337 3540 hic
360 3473 536 3534 adulescens
551 3475 689 3550 e-,perit
712 3473 806 3534 Suom
821 3475 883 3535 citt
905 3481 1062 3551 cognatam
1084 3472 1258 3548 inprudens.
1279 3467 1369 3531 Pers.
1495 3505 1496 3512 ι

208 3563 234 3641 l,
258 3569 286 3642 3,
313 3572 344 3630 l:
377 3570 508 3632 Omnem
525 3587 591 3632 rem
610 3573 718 3646 inveni,
741 3577 852 3632 ut-suo
872 3573 930 3633 slot
951 3573 1078 3646 pecunia
1100 3571 1196 3632 Hodie
1218 3570 1300 3630 illari
1322 3565 1370 3626 fa-

202 3666 270 3724 ·ciet
290 3668 362 3726 leno
382 3667 522 3728 nterim
541 3683 639 3730 esuum.
683 3665 798 3746 Amph.
820 3667 845 3747 I,
873 3671 999 3747 1‚11a:
1033 3671 1132 3744 Atque
1155 3668 1292 3726 teloceo
1306 3663 1372 3724 eidi
1495 3733 1496 3752 ¹

200 3762 286 3824 dunc
301 3764 424 3826 *malitia
450 3764 603 3826 alorites
626 3768 752 3840 pellere.
797 3763 888 3828 Aaim
907 3763 964 3843 IV,
988 3769 1017 3844 2,
1043 3768 1097 3828 16:
1132 3767 1175 3824 Tu
1202 3779 1276 3838 ergo
1300 3759 1369 3820 iace
1495 3775 1496 3788 ¹

199 3861 255 3920 :ill
278 3861 396 3936 turbas,
418 3863 482 3924 litis
505 3865 634 3935 continu,
658 3863 733 3924 (lum
749 3881 806 3924 sao
827 3865 887 3925 eibi
903 3872 996 3940 gneio
1020 3861 1102 3938 [una]
1124 3879 1211 3923 unam
1226 3857 1370 3920 «ad-amis

204 3974 275 4017 cum
294 3960 335 4019 de
357 3959 405 4020 die
426 3961 546 4022 Potare·
588 3958 779 4038 llil.111,1‚
801 3964 854 4024 el:
878 3964 963 4022 lueet
981 3963 1014 4020 in
1037 3963 1094 4022 lroo
1117 3960 1371 4021 amnsn‘tetaeeu

6 4079 8 4150 Ι
208 4055 266 4116 eoi
287 4056 415 4130 ingenue
436 4058 568 4132 indoles,
591 4056 632 4120 ad
655 4073 685 4136 q.
708 4045 881 4136 l.'scelig.:
904 4073 984 4136 „sua
1004 4055 1135 4136 proprie
1156 4057 1190 4119 et
1212 4053 1371 4117 enatus

6 4157 8 4234 l
200 4148 334 4218 'mitae‘
377 4150 468 4234 (ispi.
489 4153 569 4234 prul.
592 4173 623 4220 ιι.
645 4157 790 4219 dereses
814 4157 983 4219 imslemer
1003 4155 1061 4232 [ti]
1088 4171 1145 4218 m
1163 4149 1371 4216 u'tr'vddlaoia
1495 4147 1496 4236 J

6 4245 7 4264 ¹
199 4252 480 4327 decerpserunt
500 4254 679 4329 emm,
711 4251 767 4318 nbi
789 4251 915 4318 Inus:
946 4269 1013 4332 ,τε
1035 4269 1094 4317 suo
1119 4245 1370 4332 ipeerunti‘otl
