3004 4764
219 285 282 347 ³4⁶
587 275 741 317 SUBS'PAMT.
755 275 910 317 neronom.
925 276 987 318 ΟΔΡ.
1002 277 1027 320 V.

219 453 277 527 dio,
300 451 486 530 Menedemo,
510 469 568 512 non
591 469 655 513 som
678 453 757 528 apud
778 470 834 513 me.
879 449 977 516 Andr.
1000 447 1039 531 V,
1063 454 1090 529 1,
1113 452 1145 513 6:
1186 449 1267 512 Vide
1293 467 1381 526 quam

218 553 335 628 iniquos
358 552 399 612 sis
415 565 494 624 pree
514 549 620 612 stadio.
1196 620 1199 624 ¹

304 651 332 712 5.
355 647 520 710 Pto—-a
544 645 629 710 Vere
651 646 819 711 locativam
848 645 944 712 habet
971 642 1240 726 significationem
1257 642 1292 707 in
1307 643 1380 724 lege

219 744 321 811 Servii
347 741 442 808 'lhllii
468 759 519 824 ap.
547 743 678 809 Festum
709 743 841 824 (Egger.
869 761 899 824 p.
922 747 990 815 841ε
1033 745 1112 820 „Pro
1143 762 1241 805 censu
1269 741 1381 806 classis

218 842 379 907 iuniorum
402 840 470 906 Ser.
494 840 618 906 Tullius
641 859 738 923 quum
761 842 841 906 dixit
855 841 888 905 in
906 841 1120 922 descriptione
1144 839 1379 916 centuriarum,

219 940 320 1018 accipi
342 939 438 1004 debet
459 939 492 1003 in
515 957 621 1016 censu,
645 951 682 1002 ut
703 940 750 1004 ait
771 937 812 1002 Μ.
829 939 932 1004 Varro
953 937 986 1002 in
1007 937 1028 1003 l.
1051 937 1104 1002 VI.
1127 957 1244 1002 rerum
1267 935 1379 1000 huma·

218 1055 340 1117 narum,
365 1035 459 1102 sicuti
481 1053 540 1116 pro
556 1036 635 1101 aede
651 1035 802 1114 Castoris,
826 1055 884 1118 pro
900 1033 1060 1112 tribunali,
1083 1053 1142 1117 pro
1154 1034 1377 1101 testimonio.“

219 1135 318 1200 Naer.
345 1132 383 1199 fr.
407 1131 479 1198 hell.
501 1133 579 1198 Pun.
603 1134 663 1199 ino.
687 1133 758 1200 libr.
780 1133 894 1217 fragm.
926 1141 963 1198 17
987 1152 1036 1213 ap.
1059 1132 1193 1199 Vahlen.
1230 1135 1294 1214 (ap.
1318 1131 1378 1196 Bo-

220 1231 321 1298 thium
344 1231 439 1296 Ennii
460 1228 498 1294 fr.
521 1232 579 1297 ino.
604 1236 684 1314 trag.
708 1238 767 1312 43,
791 1233 848 1297 sed
869 1233 933 1297 iam
956 1229 992 1296 0.
1016 1230 1196 1297 Muellerus
1220 1230 1377 1296 Naevium

220 1347 278 1412 pro
308 1329 410 1394 Ennio
444 1330 615 1410 reposuitl:
660 1333 748 1408 Apud
777 1333 940 1407 emporium
973 1333 1003 1391 in
1034 1349 1138 1407 campo
1168 1333 1305 1392 hostium
1322 1345 1378 1402 pro

219 1448 319 1490 moene
354 1425 453 1507 (Fest
475 1445 504 1492 v.
526 1445 634 1505 moene,
663 1445 693 1508 p.
719 1433 779 1493 145
802 1427 876 1504 Ma,
900 1428 940 1492 ad
963 1444 992 1508 q.
1015 1427 1034 1492 l.
1056 1427 1194 1492 Bothius
1219 1427 1303 1490 haec
1324 1425 1377 1488 ha-

220 1529 291 1594 bet:
336 1525 532 1605 „Pleraeque
562 1525 632 1590 edd.
654 1545 713 1602 per
733 1545 842 1591 moene.
880 1525 944 1590 Sed
965 1529 1053 1591 reete
1074 1523 1210 1589 Vossius
1235 1521 1377 1589 defendit

222 1625 357 1690 alteram
382 1623 572 1701 scripturam
594 1643 654 1700 pro
676 1643 791 1701 moene,
822 1625 907 1704 quod
929 1628 988 1702 est,
1010 1621 1127 1702 inquit,
1155 1628 1227 1684 one
1249 1621 1374 1682 mocrdo.

219 1727 326 1786 Moeno
347 1715 498 1803 ἀρχαϊκῶς
519 1738 578 1802 pro
600 1726 704 1798 moeni,
728 1722 885 1802 quomodo
908 1725 941 1787 et
962 1741 1045 1784 more
1066 1738 1124 1801 pro
1147 1718 1262 1786 mori.“
1300 1715 1375 1781 Cato

221 1821 300 1901 orig.
324 1819 345 1882 l.
369 1817 479 1890 11111.
503 1821 533 1895 8,
554 1837 583 1898 p.
601 1824 642 1884 36
665 1821 714 1885 ed.
738 1819 893 1885 Bolhuis.:
916 1824 1066 1882 Proelium
1088 1820 1201 1880 factum
1226 1823 1376 1895 depugna·

221 1928 340 1995 tumque
363 1938 418 1995 pro
442 1921 558 1991 castris,
591 1918 683 1998 adq.
706 1918 727 1982 l.
751 1917 856 1982 Both:
885 1937 960 1999 „pro
989 1917 1040 1980 vel
1071 1919 1145 1982 ante
1168 1921 1295 1993 eastra,
1329 1909 1375 1974 vel

221 2033 279 2096 pro
302 2013 485 2078 defensione
506 2019 690 2078 castrorum.
720 2013 858 2081 fortasse
884 2020 1022 2094 utraque
1045 2010 1238 2100 significatio
1267 2016 1374 2076 nostro
1475 2073 1476 2078 ,

222 2113 242 2176 l.
260 2109 491 2191 coniungitur.“
504 2111 587 2178 -b.
613 2113 673 2172 Pro
688 2116 792 2188 alioue
805 2134 839 2175 re
860 2114 907 2178 ita
929 2112 1056 2191 dicitur,
1080 2115 1117 2175 ut
1138 2109 1302 2192 significet
1318 2112 1372 2170 lom

222 2212 349 2272 cuculus
376 2211 436 2289 ret,
479 2225 704 2288 nonnunquam
733 2209 814 2276 adeo
850 2211 927 2276 nihil
958 2209 1020 2274 nisi
1053 2210 1300 2290 congruentiam
1331 2203 1375 2268 rei

223 2307 386 2372 cuiusdam
414 2323 485 2372 cum
512 2305 615 2371 altera
647 2309 817 2388 exprimat,
846 2310 902 2374 ubi
928 2307 1089 2373 interdum
1127 2307 1306 2387 particulas
1334 2307 1373 2375 et,
1476 2367 1477 2384 ,

221 2412 363 2482 Maurum
385 2421 540 2485 usurpare
562 2405 675 2486 possis.
713 2407 765 2472 Sic
788 2405 867 2471 Cato
891 2407 927 2471 R.
951 2406 988 2471 R.
1013 2423 1038 2470 c.
1063 2411 1097 2468 7:
1126 2412 1173 2468 vel
1197 2411 1236 2469 ad
1259 2408 1371 2467 fabrum

221 2505 380 2566 terrarium
395 2506 648 2579 propassiones
671 2512 754 2567 recte
779 2515 944 2582 servantur,
968 2504 998 2568 h.
1020 2523 1047 2568 e.
1064 2509 1228 2584 tamquam
1252 2514 1371 2584 passae,
1476 2509 1477 2522 ¹

220 2606 257 2664 ut
272 2601 336 2665 sint
346 2617 469 2680 passae·
486 2599 519 2665 0.
534 2605 588 2666 54:
612 2604 718 2665 deinde
731 2623 767 2665 ea
778 2623 835 2679 pro
846 2607 931 2678 foeno
943 2607 1022 2666 dato.
1036 2600 1069 2666 Ο.
1086 2606 1139 2665 14:
1155 2606 1277 2680 integra
1300 2611 1370 2675 qnae

220 2718 279 2760 non
296 2701 363 2774 orit,
379 2701 457 2760 node
480 2708 587 2777 quarta
601 2719 672 2777 pars
695 2704 806 2778 aberit,
830 2705 906 2764 dnae
927 2721 985 2776 pro
1009 2719 1081 2779 uua,
1104 2702 1284 2762 conliciares
1299 2709 1370 2773 quaa

220 2807 317 2866 erunt,
327 2815 385 2873 pro
401 2799 478 2860 diuis
491 2803 682 2875 putabuntur.
704 2799 792 2864 Orat.
816 2799 940 2863 advers.
965 2797 1000 2876 Q.
1016 2797 1188 2862 Minucium
1200 2796 1371 2861 Thermum

220 2911 271 2974 ap.
296 2891 498 2958 Rufinianum
525 2896 565 2960 de
588 2893 699 2978 figuris
725 2915 754 2976 p.
780 2901 854 2961 210:
890 2900 946 2971 Qui
969 2907 1103 2959 ventrem
1130 2916 1213 2960 snum
1238 2915 1298 2958 non
1317 2905 1369 2966 pro

221 2995 301 3054 hoste
322 2995 424 3057 habet.
448 2992 569 3073 Oratio,
592 2995 640 3059 uti
663 2996 783 3075 praeda
798 2995 830 3058 in
844 2994 1006 3074 publicum
1028 2993 1189 3058 referatur
1203 3011 1256 3074 ap.
1272 2989 1368 3056 Prisc.

221 3089 257 3155 Τ.
280 3090 306 3166 l,
328 3108 358 3170 p.
375 3095 452 3155 355:
475 3094 572 3153 Miror
593 3095 703 3155 audere
726 3101 815 3169 atqua
837 3095 1012 3169 religionem
1034 3111 1093 3154 non
1116 3101 1230 3167 tenere,
1255 3099 1367 3154 statuas

221 3189 358 3264 deornm,
393 3193 529 3266 exempla
557 3209 659 3252 earnm
687 3192 847 3266 facierum,
887 3194 971 3266 signa
1001 3191 1079 3252 domi
1102 3209 1162 3265 pro
1191 3183 1365 3264 supellectile

221 3298 364 3352 statuero.
409 3284 520 3351 Oratio
544 3286 583 3351 de
606 3306 641 3351 re
663 3287 772 3353 Floria
794 3305 844 3367 ap.
874 3285 954 3351 Geli.
978 3287 1017 3366 X,
1047 3292 1085 3351 13
1114 3288 1154 3363 (v.
1178 3285 1298 3366 Meyer.
1322 3277 1368 3343 ed·

221 3383 264 3463 Π,
287 3403 317 3463 p.
343 3388 430 3456 126);
467 3387 513 3448 Ibi
531 3405 588 3462 pro
610 3391 706 3448 scorto
727 3388 796 3460 fuit.
842 3385 936 3449 Ennii
957 3382 995 3448 fr.
1019 3384 1229 3450 Eumenidum
1252 3401 1283 3464 p.
1310 3379 1367 3442 113

220 3499 270 3562 ap.
296 3479 443 3546 Vahlen:
475 3503 548 3560 qnos
572 3503 626 3562 ego
649 3503 706 3562 ope
728 3503 795 3546 mea
816 3485 876 3545 Ro
896 3485 1017 3545 incertis
1039 3490 1138 3545 certos
1161 3489 1367 3559 compotesque

221 3585 329 3642 consili
356 3583 490 3645 Dimitte.
534 3581 637 3647 Plaut.
667 3582 782 3646 Pseud.
810 3581 835 3662 I,
858 3587 887 3662 3,
913 3584 966 3645 58:
1009 3583 1156 3642 Pietatem
1186 3599 1257 3657 ergo
1285 3582 1369 3639 istan

222 3682 408 3753 amplexator
437 3687 526 3740 noctu
550 3699 608 3756 pro
635 3681 799 3742 Phomicin
844 3679 939 3744 Most.
967 3676 1010 3758 ΙΙ,
1036 3683 1142 3758 1,39:
1187 3681 1249 3740 Iam
1271 3673 1368 3737 hercle

222 3794 278 3852 ego
299 3794 352 3839 vos
369 3779 561 3852 promptulo
583 3780 706 3840 habebo.
730 3777 817 3842 Asin.
834 3776 875 3856 11,
899 3781 927 3856 2,
952 3782 1007 3842 23:
1030 3797 1085 3854 pro
1107 3785 1240 3840 monstro
1263 3779 1368 3836 extem·

221 3877 315 3950 plost,
339 3878 457 3951 quando
479 3878 530 3952 qui
553 3877 642 3937 sudat
663 3881 780 3954 tremit,
811 3876 898 3956 quod
919 3875 1050 3940 Taubm.
1076 3873 1173 3954 explt
1212 3861 1368 3954 ..portenti

222 3971 291 4035 loco
315 3976 374 4051 est,
396 3966 464 4034 ἀντὶ
485 3969 640 4056 τέρατος.“
685 3972 784 4038 Mero.
804 3972 860 4054 IV,
883 3979 914 4054 4,
937 3981 971 4038 4;
1004 3975 1081 4035 Nam
1103 3976 1154 4049 qui
1177 3979 1271 4048 amat,
1294 3961 1367 4044 quod

223 4079 302 4131 amat
324 4071 350 4132 si
372 4071 477 4147 habat,
506 4073 536 4132 id
559 4075 650 4134 habat
672 4091 728 4149 pro
750 4075 827 4135 cibo.
872 4071 959 4136 Asin.
982 4069 1041 4149 Ill,
1065 4074 1094 4150 3,
1117 4074 1174 4134 38:
1216 4075 1280 4132 Tun
1302 4079 1364 4126 vcr-

223 4171 321 4247 beres,
344 4172 394 4245 qui
409 4189 465 4244 pro
488 4173 554 4232 cibo
566 4173 678 4232 habeas
690 4178 720 4232 te
736 4171 909 4232 verberari?
931 4167 1028 4234 Stich.
1040 4166 1095 4246 IV,
1111 4173 1137 4249 1,
1149 4172 1203 4233 65:
1219 4169 1316 4232 Etiam
1323 4155 1360 4231 ”l

229 4271 434 4282 a—u-——n—-u—n-o-

294 4307 329 4374 ⁷⁸)
347 4306 392 4361 Sic
410 4305 584 4362 Ritachelius.
603 4305 683 4375 Vulg.
701 4312 733 4360 ut
749 4309 814 4362 iam.
