3040 4758
211 273 253 334 56
661 257 816 301 SUBSTAM'.
831 257 895 302 ΟΑΡ.
909 257 950 299 ΙΙΙ.

211 442 242 519 2,
265 440 323 502 72:
360 439 543 511 Quousque
565 433 729 498 industrior
752 431 789 496 dc
808 435 956 496 iuuentute
978 439 1053 494 erat.
1097 429 1136 508 V,
1160 432 1190 508 2,
1214 433 1245 492 5:
1278 428 1368 489 Nunc

152 573 155 580 ·
212 553 267 612 ego
289 530 499 595 corocottae
521 534 601 593 solus
624 549 688 593 sum
709 536 812 592 orator
834 530 929 592 datus.
973 527 1068 592 Trut.
1090 524 1145 604 IV,
1168 529 1198 605 2,
1223 528 1277 590 34:
1299 526 1368 587 Non

212 634 286 694 licat
307 631 344 692 da
365 630 483 690 meando
504 645 567 688 meo
584 629 763 703 participem
782 627 916 702 boatu)
960 623 1088 690 Terent.
1114 621 1230 687 Heaut.
1253 617 1310 699 iv,
1342 625 1369 699 1,
1490 673 1491 676 ,

213 731 268 792 39:
291 745 329 788 ne
352 743 460 802 expers
482 717 578 801 partis
603 732 684 786 esset
705 725 741 784 de
762 725 873 786 noma
895 724 986 791 toas,
1008 721 1093 802 quod
1114 717 1209 799 plane
1230 733 1291 798 pro
1314 733 1370 796 ge·

211 823 313 888 nitivo
336 819 488 902 partitivo
509 819 649 900 positum
671 824 729 886 est.
775 818 909 900 Adelph.
931 818 957 898 1,
981 822 1010 897 2,
1034 822 1089 882 31τ
1117 821 1179 881 olet
1201 822 1370 894 unguentes

211 922 247 981 dc
268 937 339 982 mec.

299 1033 326 1080 c.
349 1013 432 1080 Hinc
447 1012 617 1078 admodum
633 1013 788 1078 usitatum
804 1016 854 1078 est
874 1015 910 1074 de
929 1013 1015 1093 apud
1034 1013 1147 1074 mardi
1168 1009 1277 1089 verba,
1300 1007 1371 1089 qui·

211 1111 273 1176 bus
295 1110 415 1190 aliquid
445 1130 465 1176 a
488 1111 688 1191 possessione
715 1109 850 1175 alterius
878 1109 918 1174 ad
945 1108 1083 1173 alterum
1111 1106 1263 1172 devenire
1289 1106 1372 1171 indi·

212 1210 305 1274 catur
327 1205 488 1287 (Kampm.
511 1226 542 1272 n.
567 1210 607 1283 5).
653 1206 733 1272 Cato
756 1205 793 1269 R.
817 1207 853 1270 R.
878 1223 903 1271 c.
931 1212 964 1270 1:
997 1207 1045 1268 Dc
1073 1207 1191 1265 domlao
1222 1207 1296 1265 toan
1326 1221 1372 1265 co·

213 1307 280 1366 tono
303 1308 434 1381 bonoque
457 1307 643 1378 aedificatore
664 1309 770 1368 melius
793 1312 917 1366 emetur.
945 1302 1049 1367 Plaut.
1065 1301 1157 1382 Capt.
1172 1300 1252 1382 prol.
1268 1317 1298 1364 v.
1317 1304 1372 1365 34:

212 1405 295 1464 Emit
314 1402 350 1463 dc
366 1404 485 1478 woodo
507 1405 597 1464 bosce
621 1405 721 1464 ambos
746 1421 763 1463 a
785 1403 1002 1478 quaestoribus.
1047 1399 1073 1478 Ι,
1090 1402 1119 1478 2,
1142 1403 1175 1462 2;
1198 1401 1274 1460 Heri
1296 1417 1372 1475 quos

214 1502 272 1562 emi
291 1502 327 1560 dc
342 1499 460 1575 muodo
483 1518 501 1561 a
524 1501 739 1577 quaestoribus.
784 1498 879 1563 Most.
900 1495 957 1574 111,
983 1501 1011 1575 l,
1036 1499 1110 1562 139:
1141 1497 1177 1557 de
1197 1497 1296 1557 niaco
1317 1489 1374 1558 too

209 1613 358 1672 prosumo
384 1599 462 1658 Tuus
492 1599 564 1657 omit
594 1598 677 1658 aedis
705 1597 795 1658 filins.
841 1592 932 1673 Oept.
954 1589 995 1672 11,
1025 1597 1054 1672 3,
1078 1597 1132 1658 93:
1165 1595 1373 1668 Gonsrcbssivi,
1494 1591 1495 1608 ¹

214 1711 302 1770 quom
317 1695 386 1754 illos
402 1695 459 1753 emi
474 1693 637 1766 depraeca
653 1711 672 1753 a
686 1693 903 1768 quaestoribus.
947 1688 1042 1753 Poen.
1058 1687 1113 1768 IV,
1137 1695 1167 1769 2,
1190 1695 1244 1754 75:
1269 1688 1374 1764 (emit)

213 1791 261 1852 De
287 1791 440 1865 praedone
467 1789 576 1850 Siculo.
621 1788 702 1853 Rud.
734 1786 815 1867 prol.
843 1804 872 1850 v.
899 1791 954 1851 40:
987 1789 1062 1848 llam
1094 1787 1130 1848 da
1150 1789 1301 1864 mmmm
1327 1789 1374 1850 vir

213 1894 364 1949 mercatur
386 1904 551 1961 pessumus.

300 1981 330 2045 d.
364 1979 570 2045 Transfertur
592 1983 629 2044 dc
650 1981 691 2045 ad
713 1982 829 2046 mentis
851 1981 993 2046 actiones
1016 1986 1050 2044 et
1070 1980 1192 2046 indicat
1212 1979 1375 2044 hominem

215 2083 272 2142 aut
292 2094 372 2158 rem,
395 2077 480 2141 unde
503 2077 580 2157 quid
602 2079 822 2158 cognoscimus
837 2082 870 2142 et
884 2075 1091 2158 intelligimus
1107 2077 1265 2157 (Kampm.
1282 2095 1312 2141 n.
1329 2080 1372 2154 9).

214 2173 318 2239 Plaut.
341 2173 429 2238 Pers.
453 2171 508 2254 IV,
532 2179 565 2254 3,
589 2179 643 2239 7οε
677 2185 708 2238 te
730 2178 766 2237 de
787 2179 870 2245 olida
903 2193 990 2252 quam
1018 2178 1094 2237 alios
1122 2177 1157 2238 cle
1184 2183 1211 2236 ta
1240 2178 1376 2238 suaviust

214 2274 297 2333 Fieri
320 2274 433 2334 doctos.
478 2270 562 2336 Meu.
582 2272 608 2350 Ι,
631 2277 660 2351 2,
685 2277 739 2336 53:
761 2274 879 2350 Ecquid
902 2279 935 2334 tu
956 2273 992 2333 de
1013 2273 1101 2334 odore
1122 2276 1229 2349 possis,
1254 2276 1280 2334 si
1303 2274 1375 2349 quid
1497 2265 1498 2282 .

215 2370 293 2431 forte
317 2369 469 2444 olfeceris,
492 2371 606 2432 Facere
629 2371 851 2431 coniecturam?
895 2367 991 2434 Mero.
1015 2368 1053 2448 V,
1078 2375 1108 2449 2,
1132 2374 1186 2434 62ε
1210 2372 1312 2433 vidisti
1337 2390 1376 2432 an

215 2467 250 2526 de
271 2467 372 2526 audito
401 2467 552 2533 nuntissl,
576 2466 595 2528 i.
621 2483 648 2528 e.
671 2464 763 2529 fama.
788 2463 879 2530 Oura.
903 2463 944 2545 11,
966 2471 994 2545 1,
1019 2472 1056 2530 11
1064 2487 1071 2531 :
1100 2469 1148 2528 De
1169 2469 1270 2541 savae
1291 2471 1376 2531 novi:
1498 2519 1499 2524 ,

214 2563 250 2621 de
271 2563 365 2622 coare
385 2579 443 2622 uon
466 2579 542 2638 queo
564 2565 699 2625 Novisse.
743 2561 835 2642 Epid.
858 2559 915 2641 IV,
937 2568 967 2644 2,
990 2567 1047 2627 27:
1077 2567 1191 2642 Quibus
1217 2567 1253 2627 de
1280 2567 1376 2640 apum

215 2659 418 2734 agnoscebas?
463 2655 608 2738 stimi,
639 2663 667 2737 1,
691 2663 725 2724 3:
760 2679 828 2722 nam
858 2677 912 2723 nos
941 2664 1005 2723 eius
1033 2666 1162 2723 animum
1192 2665 1240 2726 Dc
1263 2665 1376 2726 swalma

213 2756 302 2827 factis
324 2757 482 2817 noscimus.
528 2753 619 2820 Truc.
641 2753 697 2836 lv,
721 2760 750 2836 2,
775 2760 832 2820 56:
865 2759 914 2817 De
933 2758 1028 2818 mutto
1051 2761 1126 2820 nibil
1155 2769 1203 2822 est
1224 2761 1374 2835 irasci.¹')

215 2847 329 2916 Caecil.
348 2848 428 2917 Stat.
446 2849 588 2916 Plocium
611 2851 648 2916 fr.
667 2859 695 2931 1,
718 2871 746 2916 v.
768 2858 843 2918 145:
868 2856 919 2930 qui
941 2858 1021 2930 sapit
1042 2856 1078 2916 de
1099 2873 1144 2916 me
1166 2859 1271 2918 discet.
1312 2856 1374 2921 Te·

212 2951 294 3012 rent
309 2947 390 3022 Eun.
408 2946 448 3026 ΙΙ,
464 2952 494 3028 2,
516 2954 571 3014 3οτ
594 2954 695 3027 coepit
717 2969 763 3012 me
788 2953 957 3027 obsecrare,
980 2955 1022 3014 Ut
1045 2954 1101 3014 sibi
1124 2956 1232 3015 bearet
1254 2957 1372 3016 discere

213 3046 379 3114 idduae,
402 3044 493 3125 adq.
517 3043 536 3108 l.
561 3045 642 3111 bene
660 3043 859 3110 Schaefferus
881 3065 912 3127 p.
939 3051 977 3111 16
1000 3046 1080 3113 baec
1101 3049 1282 3113 adnotavit:
1306 3052 1374 3120 „De

212 3140 356 3222 depingit
371 3146 578 3221 praeceptum
599 3142 638 3205 ab
660 3159 717 3207 ore
731 3143 949 3223 praeceptoris
970 3141 1137 3224 profluens
1152 3162 1190 3210 aa
1209 3147 1372 3212 transiens

214 3235 247 3299 in
270 3235 490 3316 discipulum.“

297 3350 324 3397 e.
357 3335 406 3397 Do
427 3334 550 3400 iudicat
570 3334 697 3415 quidem
720 3333 880 3416 proficisci
907 3337 1026 3418 aliquid
1052 3340 1093 3405 ab
1117 3339 1222 3418 aliquo
1243 3339 1313 3406 loco
1337 3346 1371 3406 et

210 3429 283 3494 inde
306 3430 398 3507 quasi
420 3431 529 3509 parari
551 3436 585 3496 et
608 3429 703 3512 effici,
737 3434 794 3500 sed
822 3453 880 3500 nos
902 3436 950 3502 ita
977 3435 1116 3502 solemus
1137 3437 1298 3516 cogitare,
1333 3444 1370 3502 ut
1482 3453 1485 3462 ’

210 3524 330 3606 aliquid
353 3529 383 3586 in
407 3544 446 3590 ea
465 3545 502 3592 re
524 3525 582 3592 fiat
604 3530 663 3606 (ot
686 3529 735 3593 bet
758 3527 880 3609 medie).
913 3532 1072 3613 (Kampm.
1096 3551 1126 3596 u.
1153 3532 1215 3612 11).
1261 3532 1367 3600 Plaut.

209 3621 322 3686 Pseud.
339 3617 380 3701 li,
397 3629 427 3703 4,
453 3628 507 3687 14;
530 3628 671 3701 laetitias,
694 3629 729 3688 de
752 3631 847 3691 tribas
868 3637 981 3706 partas.
1016 3629 1087 3694 Aul.
1105 3626 1145 3707 Π,
1162 3634 1192 3709 2,
1212 3636 1268 3694 45ι
1291 3635 1368 3694 Nam

209 3721 244 3782 dc
267 3725 411 3798 teneque
435 3739 587 3798 reusque
610 3726 708 3786 verbis
731 3728 840 3800 merui,
864 3735 898 3788 ut
920 3725 1036 3790 iaceres
1059 3729 1137 3802 quod
1160 3728 1244 3790 iacis.
1282 3727 1366 3793 Mon.

212 3833 416 3846 ffl-

281 3885 315 3950 ¹¹)
335 3885 381 3940 Sia
400 3886 553 3942 emendavit
571 3886 695 3944 Bothius.
723 3890 802 3959 ang.
822 3908 880 3947 aon
898 3894 959 3947 licet
977 3892 1010 3948 de
1028 3893 1139 3950 obsonii
1156 3909 1221 3947 maa
1239 3911 1281 3948 aaa
1295 3911 1326 3968 p.
1344 3897 1366 3962 f.

210 3965 264 4021 Sed
283 3967 419 4035 genitivus
432 3969 541 4024 obsonii
557 3985 612 4024 uon
625 3977 668 4025 est
681 3971 835 4040 Plautinus,
854 3989 920 4028 mna
938 3981 1030 4029 autem
1048 3991 1104 4030 nou
1121 3975 1222 4044 legitur
1241 3975 1268 4028 in
1282 3976 1363 4031 codd.

208 4046 413 4116 Kampmannus
433 4049 466 4104 de
485 4051 547 4106 DE
561 4060 657 4120 praep.
676 4070 704 4122 p.
724 4056 750 4124 3,
769 4053 862 4109 adnot.
882 4057 899 4110 6
917 4060 1099 4126 transponere
1118 4057 1176 4111 vult
1195 4074 1235 4112 mc
1254 4074 1322 4114 uoco.

278 4128 312 4186 ¹⁸)
340 4131 419 4199 Vulg.
438 4134 481 4187 illl
498 4149 548 4202 pro
571 4135 751 4203 siliquam
775 4136 948 4192 emendatum
972 4145 1015 4192 est
1034 4153 1051 4193 a
1068 4137 1194 4194 Goellero
1214 4154 1248 4193 ex
1267 4141 1364 4210 Aeps.

206 4225 232 4262 v.
251 4209 375 4281 Kampm.
396 4213 430 4267 da
448 4215 510 4272 DE
525 4231 619 4286 praep.
639 4233 665 4285 p.
685 4221 710 4283 5,
730 4217 823 4272 adnot.
842 4221 868 4273 d.
