3040 4758
639 220 794 262 suasum
815 219 878 260 ΟΔΡ,
890 217 932 258 ΙΙΙ.

384 393 442 466 Qui
463 393 533 454 hinc
558 393 715 456 odiorum
737 396 820 468 5555,
843 425 886 436 -

378 492 430 551 Ait
451 505 517 551 sese
539 493 620 554 ultro
643 495 738 554 omnis
760 493 901 554 mulieres
923 489 1079 552 secterier.

296 585 357 650 Hic
380 587 449 648 inde
466 590 591 664 spectet
605 586 646 652 ed
662 590 800 666 Ephesus
820 582 1051 666 significatione
1073 578 1144 658 loci,
1167 578 1212 644 ite
1235 585 1273 643 ut
1300 581 1374 642 inde

212 687 245 748 et
266 686 406 746 mulieres
429 699 528 746 unam
552 680 689 749 55555555
675 684 886 750 tnotionem.
930 681 1104 761 Perperem
1132 675 1376 740 Lindemannus

210 782 279 842 inde
302 796 361 859 pro
385 788 446 841 tum
467 779 592 860 accipit.
627 778 724 846 Stich.
747 781 772 858 Ι,
797 786 827 858 2,
851 785 880 846 9.
915 777 1030 844 Pseud.
1052 775 1090 854 V,
1116 781 1144 853 1,
1167 779 1216 840 35.
1251 771 1374 838 Bacch.

210 876 252 957 Π,
275 881 305 955 3,
328 880 382 941 81:
415 881 468 940 Set
490 881 571 940 55155
599 881 657 940 555
677 882 821 941 attulistis
842 880 911 938 iude
934 879 1000 938 anri
1022 874 1160 938 domum?
1202 870 1324 936 Pseud.
1349 869 1377 947 1,

212 976 548 1052 aestuosissimis
570 995 731 1038 arcessam.
775 994 804 1040 v,
828 981 878 1042 99.
907 972 1021 1039 Pseud.
1045 970 1086 1049 ΙΙ,
1110 975 1140 1049 2,
1161 973 1214 1032 65:
1237 970 1320 1030 Iade
1342 976 1377 1028 ut

210 1091 257 1134 me
279 1091 425 1134 arcessas.
460 1071 600 1150 MercI,
626 1079 653 1152 1,
677 1077 726 1138 67.
760 1073 859 1138 Mero.
875 1071 936 1150 ΙΙΙ,
958 1077 991 1150 4,
1013 1073 1064 1134 66.
1094 1067 1178 1132 Μ55.
1195 1067 1238 1144 ΙΙ,
1263 1069 1295 1143 3,
1322 1067 1375 1127 50.

213 1167 296 1232 Μ55.
314 1169 352 1246 V,
370 1175 400 1247 9,
418 1174 474 1234 54;
496 1172 566 1231 sade
582 1174 675 1234 avehi.
720 1169 815 1236 Most.
832 1170 858 1250 I,
872 1176 904 1248 4,
926 1173 962 1234 3:
985 1171 1062 1232 Nam
1083 1168 1130 1226 illi
1152 1168 1202 1228 ubi
1225 1164 1279 1238 fni,
1303 1163 1376 1222 dade
1491 1227 1492 1238 ,

213 1267 303 1341 effugi
328 1265 419 1328 fores.
464 1265 592 1332 Terent.
616 1268 712 1334 Andr.
736 1267 762 1347 l,
788 1275 815 1346 l,
840 1271 915 1332 110:
947 1268 1049 1328 Redeo
1070 1265 1140 1327 ende
1161 1267 1257 1324 iratus
1282 1268 1377 1336 atque
1491 1259 1492 1278 ¹

212 1383 300 1440 aegre
324 1365 433 1426 ferens.

298 1460 328 1524 b.
361 1464 439 1524 Iade
462 1464 517 1524 toci
539 1463 588 1528 vel
612 1464 652 1528 de
674 1464 744 1528 loco
766 1463 818 1528 vel
839 1462 879 1526 de
902 1467 1045 1542 tempore
1072 1477 1130 1540 pro
1160 1463 1273 1522 abillo
1298 1467 1376 1520 tem·

210 1577 285 1634 pore
308 1558 432 1624 dicitur.
478 1559 530 1625 Sic
553 1561 683 1626 deloco
705 1561 920 1626 Enniisatnr.
944 1559 963 1623 l.
986 1557 1028 1637 ΙΙ,
1050 1555 1088 1622 fr.
1113 1562 1140 1636 l,
1164 1559 1204 1622 de
1225 1562 1376 1636 tempore

212 1656 316 1722 annal.
339 1654 358 1718 l.
382 1655 408 1734 Ι,
432 1656 471 1720 fr.
499 1663 526 1735 1,
549 1658 587 1724 fr.
612 1662 666 1734 20,
690 1657 853 1737 ambigue,
877 1662 985 1720 utrum
1007 1655 1047 1720 de
1069 1655 1139 1719 loco
1163 1672 1203 1718 55
1226 1653 1267 1718 de
1290 1658 1377 1718 tem·

211 1771 300 1833 pore,
325 1753 429 1818 annul.
451 1753 510 1820 inc.
534 1755 619 1820 sedis
641 1754 754 1834 fragm.
779 1758 829 1818 62.

298 1869 323 1915 5.
358 1850 408 1914 Ad
431 1869 484 1916 res
506 1850 655 1918 refertur.
698 1852 782 1916 Nam
804 1851 995 1932 intelligitur
1017 1868 1079 1927 res,
1103 1867 1141 1914 ex
1165 1865 1228 1927 qua
1251 1844 1375 1926 ahquid

215 1947 443 2028 progrediatur
464 1948 517 2012 rel
539 1950 694 2029 originem
714 1950 824 2026 ducat,
848 1956 905 2012 555
927 1965 980 2024 55,
1002 1947 1087 2013 5555
1110 1945 1186 2024 quid
1209 1944 1376 2023 capiemus
1492 1989 1493 2032 3

212 2045 264 2110 vel
285 2044 479 2110 heunemus.
525 2044 605 2112 Cato
629 2047 666 2111 R.
683 2047 720 2112 h.
745 2065 771 2111 c.
787 2049 842 2110 42:
868 2049 953 2120 Quod
976 2045 1371 2122 genus-ficum-esse
1492 2033 1493 2072 ³

211 2147 303 2218 voles,
326 2144 395 2204 iude
416 2146 524 2208 librum
540 2179 582 2190 -
597 2149 726 2208 eximito.
762 2146 822 2212 Hic
843 2150 911 2208 inde
935 2147 986 2208 est
1007 2140 1096 2206 notio
1120 2137 1375 2205 demonstrativa

211 2239 410 2320 respondens
432 2241 607 2320 pronomini
630 2242 765 2308 relativo
788 2248 874 2322 quod.
920 2241 954 2306 O.
982 2244 1055 2306 157:
1086 2241 1155 2300 ioue
1178 2239 1270 2312 aliqui
1291 2254 1373 2299 mor·

210 2341 430 2403 horrescitur.
476 2337 511 2404 C.
535 2344 591 2404 54:
623 2343 700 2404 leue
723 2345 871 2406 semodios
895 2341 1018 2416 singulis
1040 2340 1135 2400 bobus
1162 2339 1192 2395 in
1216 2337 1280 2396 dies
1303 2335 1373 2395 dari

211 2444 341 2511 oportet.
385 2436 481 2500 Ennii
502 2437 636 2502 Medeae
658 2438 759 2502 exulis
781 2439 819 2502 fr.
845 2444 872 2516 1,
897 2455 926 2501 v.
951 2439 1012 2500 282
1035 2435 1075 2499 55
1099 2433 1230 2512 origine.
1264 2430 1371 2494 Plaut.

211 2531 325 2611 Amph.
348 2531 374 2609 1,
402 2539 428 2610 l,
453 2537 531 2598 273:
555 2537 653 2598 Cadus
677 2544 743 2597 erat
765 2540 841 2598 vini:
865 2537 934 2598 rode
955 2534 1067 2609 inpleri
1089 2534 1233 2592 hirneam.
1272 2527 1370 2594 Most.

210 2646 240 2693 v.
264 2633 343 2697 879:
376 2634 458 2692 Bene
481 2651 599 2694 merens
623 2638 681 2695 hoc
703 2637 784 2710 preti
804 2636 873 2694 trade
895 2634 1007 2695 ahstuli
1035 2630 1111 2706 (5555
1135 2625 1225 2705 bloiet
1248 2622 1371 2704 65555).

210 2725 325 2790 Pseud.
341 2746 368 2791 v.
387 2731 458 2792 588.
489 2729 578 2794 Pers.
594 2729 654 2810 111,
673 2736 701 2808 1,
717 2733 767 2794 66.
806 2728 922 2795 Bacch.
938 2728 978 2806 11,
1001 2731 1030 2804 2,
1056 2730 1110 2790 54:
1134 2727 1211 2787 Iade
1234 2743 1289 2800 ego
1312 2726 1366 2785 ho·
1493 2707 1494 2738 ³

211 2827 259 2886 die
283 2829 413 2902 aliquam
436 2830 629 2891 machinabor
651 2833 828 2904 machinam,
853 2829 913 2890 uad
937 2824 1027 2906 bloiet
1043 2819 1151 2902 65555,
1174 2820 1279 2902 ticieus
1295 2819 1368 2884 une

210 2918 322 2999 cresse.
372 2921 468 2986 Most.
499 2942 526 2986 v.
559 2929 634 2990 103:
669 2929 727 2988 sihi
754 2931 876 3003 quisquc
914 2927 985 2986 iude
1015 2927 1182 3000 exemplum
1216 2926 1370 2996 expetunt.

211 3015 326 3084 Caecil.
344 3016 425 3084 Stat.
448 3019 591 3086 Fallacia
613 3021 650 3085 fr.
677 3028 707 3101 4,
726 3041 755 3085 v.
778 3029 835 3088 47:
859 3027 885 3084 si
903 3025 972 3083 iude
994 3024 1081 3084 abest
1102 3023 1218 3082 iniuria.

296 3117 325 3180 d.
360 3118 409 3183 De
430 3117 625 3198 hominibus,
648 3147 691 3170 =
714 3124 750 3182 55
774 3139 824 3195 55,
859 3140 896 3182 ex
919 3138 964 3182 eo.
1008 3117 1112 3182 Plaut.
1135 3115 1251 3181 Pseud.
1274 3113 1317 3192 ΙΙ,
1341 3118 1370 3190 2,

211 3218 266 3278 28;
299 3219 377 3290 Quia
398 3220 500 3280 videre
522 3220 591 3280 iude
614 3237 695 3292 esse,
726 3216 754 3280 h.
780 3234 806 3280 5.
830 3236 850 3281 5
870 3216 980 3280 milite.
1025 3212 1140 3279 Caecil.
1165 3211 1246 3277 Stat.
1271 3210 1370 3292 Syne-

209 3311 306 3392 phebi
328 3311 367 3376 fr.
394 3318 421 3391 1,
444 3333 472 3377 v.
489 3319 567 3380 206:
590 3325 624 3378 ut
645 3318 714 3376 sorte
736 3315 878 3377 anferam.

297 3427 324 3474 5.
360 3407 572 3491 Coniungitnr
592 3415 662 3474 lade
683 3431 754 3478 cum
777 3411 973 3488 nominihus,
1007 3409 1062 3474 ubi
1091 3407 1226 3473 alicuius
1248 3407 1296 3472 rei
1319 3405 1370 3470 vel

211 3507 336 3572 numeri
359 3525 434 3586 pars
458 3514 508 3572 cst
531 3510 740 3575 describenda
760 3510 816 3589 ita,
839 3513 877 3573 ut
899 3507 1059 3588 particula
1078 3523 1137 3585 pro
1152 3502 1293 3586 genitivo
1314 3508 1372 3568 aut

210 3621 269 3683 pro
293 3623 330 3666 ex
351 3608 414 3667 illis
437 3605 542 3683 posite
564 3606 720 3672 videatur.
751 3607 879 3672 Terent.
897 3605 1031 3686 Adelph.
1048 3604 1074 3682 Ι,
1103 3610 1128 3682 l,
1151 3608 1207 3668 21:
1231 3604 1371 3666 natifilii

210 3704 292 3763 Duo:
315 3704 385 3764 iude
408 3721 463 3780 ego
485 3706 565 3764 hunc
586 3707 727 3768 maiorem
751 3709 891 3782 adoptavi
912 3705 994 3777 mihi,
1017 3701 1103 3781 quod
1125 3719 1187 3766 sec.
1209 3701 1371 3764 Donatum

209 3816 268 3878 pro
292 3803 413 3862 exiliis
436 3798 576 3878 positum
600 3805 657 3866 est.

296 3894 318 3960 i.
351 3896 523 3963 Notionem
545 3896 806 3965 heteromeres
836 3900 940 3964 Plant.
965 3898 1061 3963 Ρ555.
1085 3895 1165 3976 prol.
1189 3912 1217 3959 v.
1235 3899 1269 3958 2:
1292 3895 1369 3956 Iade

210 3997 283 4058 mihi
305 3999 485 4073 principium
510 4000 625 4072 capiam
649 4016 685 4058 ex
707 4002 764 4060 555
787 4000 952 4075 tragoedis,
974 3995 1005 4059 h.
1029 4013 1056 4059 5.
1078 3998 1257 4074 propterea.

296 4111 326 4174 g.
349 4094 398 4158 De
411 4101 555 4173 tempore
568 4099 743 4175 usurpatur
752 4097 831 4164 55555,
853 4094 954 4158 51555
966 4091 1171 4169 translatum,
1194 4094 1292 4167 etque
1304 4087 1368 4167 pri·

209 4209 296 4256 mum
313 4189 471 4272 significat
489 4213 525 4255 ex
543 4212 578 4254 eo
596 4201 740 4267 tempore.
787 4191 837 4257 Sic
848 4191 929 4255 Enn.
950 4189 1053 4256 55551.
1073 4189 1093 4252 Ι.
1107 4187 1133 4266 Ι,
1155 4186 1193 4252 ir.
1208 4192 1259 4267 57,
1276 4203 1304 4249 v.
1320 4189 1369 4250 98.
