3064 4754
198 265 261 324 220
633 256 788 296 SUBETANT.
804 254 867 295 011³.
882 256 923 294 lll.

199 432 230 492 id
253 432 483 494 adsimularisr?
523 429 600 496 Hoo.
634 428 700 508 111,
723 435 760 508 4,
786 436 818 495 7:
856 432 931 492 Dies
953 430 1080 506 impiata
1102 436 1153 490 aui
1174 431 1245 504 plns
1267 449 1302 492 eo
1325 435 1357 494 iu

196 529 264 589 navi
293 527 345 589 fai.
379 559 421 571 -
455 528 601 593 Pertinea
623 527 690 592 huo
721 527 817 592 etiam
853 543 918 592 aon.
952 525 1107 605 mmpons
1141 543 1213 591 oum
1249 532 1358 590 aolino

196 623 393 690 coniunctus.
423 622 527 690 Plana.
551 624 667 690 Baorll.
690 623 750 702 111,
775 629 804 702 2,
826 631 862 688 4:
886 627 942 686 hoo
965 625 1108 686 iaotumsi
1129 624 1225 686 ferme
1249 629 1357 688 aoniae

196 726 355 788 biennium.
400 721 497 788 Stich.
521 722 549 807 1,
572 727 602 802 2,
623 727 685 786 80:
710 726 786 796 Quid
809 726 879 786 illos
903 725 1070 798 expectatis
1094 725 1144 798 qui
1166 725 1275 784 aalma
1296 727 1356 786 iam

194 825 332 883 abierunt
354 823 534 884 trienninm?
579 819 649 885 (las.
679 819 758 899 prol.
797 839 824 882 v.
849 825 908 884 39:
953 824 983 882 Is
1011 839 1127 896 servos,
1166 823 1220 882 sed
1247 824 1357 881 alanino

194 937 289 980 annos
322 919 464 981 {aalma
490 920 623 993 manaim,
648 921 742 992 Quom
772 921 981 993 conspicatust
1014 920 1142 993 primulo
1174 922 1354 994 crepusculo

196 1019 328 1078 Puellam
352 1019 470 1091 exponi.
494 1015 620 1080 Terent.
645 1013 743 1078 Andr.
760 1013 786 1093 I,
810 1019 837 1091 l,
857 1020 913 1078 42:
937 1018 1059 1077 Interea
1079 1017 1187 1076 mulier
1210 1016 1355 1092 quaedam

195 1115 303 1174 abhinc
325 1116 486 1175 triennium
514 1117 561 1174 Ex
583 1114 686 1176 Andro
715 1115 920 1188 commigravit
946 1115 1003 1174 huo
1032 1114 1168 1175 viciniae.
1213 1111 1291 1176 Hac.
1315 1109 1354 1188 V,
1477 1151 1483 1160 ·

199 1213 229 1288 3,
253 1214 309 1272 24:
353 1213 463 1271 abiline
483 1213 592 1272 mensis
617 1212 715 1270 danem
745 1209 819 1272 fere.
863 1207 902 1286 V,
932 1213 962 1288 9,
985 1213 1041 1273 28:
1083 1211 1262 1270 Vinolentus
1288 1208 1353 1270 fere

194 1309 302 1368 uanam
323 1325 417 1368 uanos
438 1309 605 1380 qnindeoim
624 1311 831 1369 mulierculam
846 1310 922 1368 Eam
939 1310 1126 1382 oompressit.
1150 1305 1253 1370 Hand.
1273 1305 1354 1369 Tur·
1469 1365 1473 1368 .

195 1401 262 1466 sell.
285 1403 311 1483 I,
335 1421 364 1482 p.
389 1406 430 1468 64
461 1404 556 1470 donet
584 1405 696 1469 eadem·
725 1400 955 1483 significatione
978 1421 998 1466 a
1018 1401 1133 1468 Plauto
1162 1402 1258 1467 eiiam
1282 1405 1353 1464 lino

194 1503 381 1579 usurpatum
407 1518 478 1565 esse
501 1501 593 1566 Troo.
638 1501 680 1579 ll,
704 1506 733 1579 3,
756 1505 811 1564 20:
837 1505 930 1575 Quam
954 1504 979 1562 si
1002 1503 1071 1562 lino
1093 1503 1237 1562 duosutos
1259 1517 1354 1560 annos

195 1597 302 1658 inerim
324 1607 468 1662 mortuus.

280 1694 343 1760 Sed
375 1695 537 1759 invenitur
564 1695 661 1758 eiiam
690 1693 892 1758 accusativus
924 1693 1087 1773 temporis,
1116 1690 1171 1756 ubi
1198 1708 1261 1754 non
1287 1695 1353 1756 tam

197 1791 406 1870 perpetuitas,
436 1792 492 1856 sed
515 1810 614 1856 uuum
636 1797 761 1856 tantum
785 1796 938 1870 punctum
964 1789 1117 1868 temporis
1147 1785 1351 1869 significatur,

193 1889 279 1967 quod
305 1888 381 1953 alibi
413 1888 554 1953 ablativo
583 1889 779 1968 exprimitur.
827 1887 906 1952 Calo
934 1888 969 1952 R.
994 1887 1031 1951 R.
1069 1905 1094 1951 c.
1120 1892 1174 1950 17:
1207 1890 1255 1948 Ea
1277 1905 1352 1962 qnae

194 2003 294 2047 semen
317 1988 411 2048 viride
434 1995 464 2048 et
487 1994 634 2048 maturum
659 1989 758 2063 habel,
782 1990 826 2048 uni
849 2006 949 2048 semen
975 1989 1010 2046 de
1035 2003 1188 2060 cupresso,
1212 1986 1248 2045 de
1270 1988 1351 2060 pino,

191 2085 308 2156 parmis
325 2085 400 2142 unni
411 2086 511 2160 legera
524 2085 630 2158 possis.
649 2086 724 2144 Item
742 2086 860 2157 quidvis
878 2087 951 2146 unni
967 2093 1083 2144 matura
1099 2091 1146 2144 est
1157 2085 1231 2144 ceti
1250 2078 1283 2143 Ο.
1296 2085 1351 2144 65:

191 2182 323 2241 immam
339 2188 391 2243 ant
407 2183 601 2255 qnonidrnnm
615 2188 692 2255 posi.
710 2179 814 2244 Plana.
835 2180 947 2260 Amph.
964 2180 990 2258 Ι,
1011 2187 1038 2258 1,
1057 2184 1090 2242 2:
1117 2182 1174 2252 Qui
1193 2183 1245 2239 noo
1260 2181 1353 2239 ironiis

191 2280 271 2338 solus
284 2280 441 2351 ambulem,
456 2275 615 2355 δεικτικῶς,
626 2303 669 2324 ==
680 2281 774 2341 nocte
786 2282 851 2340 tam
864 2281 1043 2357 seruatque
1054 2277 1255 2356 intempesta
1273 2295 1300 2339 v.
1314 2279 1350 2339 9:

191 2376 249 2449 Qui
270 2377 326 2436 hoo
339 2379 432 2438 noane
449 2383 571 2453 aporia
588 2375 682 2452 [med]
699 2378 837 2450 ingratiis
854 2378 1003 2438 excitarit.
1026 2373 1053 2453 I,
1072 2379 1099 2452 1,
1119 2377 1194 2438 136:
1218 2375 1271 2434 Sei
1288 2376 1352 2449 quis

188 2473 237 2532 hia
250 2476 405 2552 esthamo,
419 2491 505 2550 quam
515 2481 586 2534 ante
599 2475 682 2536 aedis
694 2475 780 2534 video
789 2475 843 2534 hoe
852 2475 966 2534 noetis?
977 2491 1006 2537 v.
1024 2477 1098 2536 154:
1116 2491 1174 2532 uon
1190 2477 1293 2547 plaoet
1306 2489 1353 2532 me

190 2570 244 2629 lmo
256 2572 350 2630 melia
372 2589 449 2634 esse.
470 2567 598 2634 Curcul.
614 2571 639 2648 I,
656 2577 682 2649 l,
702 2575 735 2633 l:
761 2575 825 2645 Quo
850 2573 900 2632 ted
915 2573 969 2631 lmo
983 2573 1078 2632 nooiis
1093 2572 1188 2630 dicam
1202 2570 1353 2644 proficisci

190 2665 271 2728 foras
318 2666 406 2732 Asin.
429 2667 456 2746 I,
485 2672 509 2746 l,
534 2671 589 2732 56:
617 2671 721 2745 Neque
743 2671 850 2745 puduit
870 2687 935 2730 eum
958 2670 991 2728 id
1013 2670 1118 2730 nemim
1140 2669 1352 2742 sucophanlias

192 2765 326 2826 Struare.
370 2764 485 2830 Bacch.
520 2763 614 2845 ΙΙ,3,
640 2770 715 2832 109:
760 2770 805 2827 Ne
830 2769 999 2841 navigarem
1021 2767 1141 2826 laudem
1171 2767 1225 2826 lroo
1246 2765 1355 2824 nilons

188 2877 289 2922 senex.
313 2861 379 2926 Mil.
402 2861 582 2940 111‚1‚6a:
605 2867 645 2924 At
668 2867 786 2940 quidem
808 2866 881 2924 ilinc
901 2865 1010 2924 nimiis
1032 2865 1081 2938 qui
1103 2864 1143 2924 sii
1165 2866 1239 2927 cett.
1264 2860 1350 2924 Trin.

187 2953 247 3034 111,
272 2962 301 3034 3,
324 2961 379 3022 57:
414 2962 595 3036 Quamquam
617 2964 672 3022 noa
693 2980 739 3022 me
759 2963 865 3022 uelutis
887 2962 1100 3036 sucophantari
1121 2961 1223 3036 pudet.
1252 2957 1350 3022 Mero.

189 3051 234 3131 II,
258 3056 286 3130 2,
314 3060 367 3119 19:
396 3059 468 3130 oum
489 3060 544 3120 tibi
568 3077 622 3134 ego
645 3061 752 3120 nelarie
775 3059 897 3119 videor?
919 3057 1048 3122 Terent.
1071 3056 1188 3122 Heaut.
1204 3053 1231 3134 I,
1251 3061 1276 3132 l,
1293 3060 1349 3118 ὁδε

186 3153 253 3226 Ego
275 3151 352 3214 mine
374 3157 480 3216 uniatis
507 3173 564 3216 nou
588 3159 681 3220 amori
703 3175 824 3231 operum
849 3157 965 3217 dabam.

272 3247 343 3314 Huc
366 3248 554 3315 referendus
577 3256 627 3316 est
650 3252 747 3316 eliam
763 3255 796 3316 et
812 3249 924 3316 similis
947 3249 1022 3318 huic
1037 3250 1218 3318 accusativo
1232 3250 1271 3326 is,
1294 3248 1349 3329 qui

190 3342 308 3408 dicitur
342 3363 492 3426 graecus,
528 3349 794 3428 quemadmodum
830 3353 919 3414 recte
954 3354 1064 3414 censet
1097 3349 1287 3428 Krnegerus
1315 3345 1349 3408 in

184 3457 317 3519 gramm.
341 3442 397 3510 lai.
420 3461 451 3523 p.
467 3449 541 3510 427.
564 3443 643 3510 Cato
659 3446 695 3510 R.
711 3446 748 3510 R..
761 3463 788 3510 e.
807 3451 840 3510 7:
864 3447 951 3510 was
971 3449 1104 3517 maniter.
1122 3449 1225 3522 posim
1239 3478 1277 3515 .-
1290 3462 1345 3506 ene

187 3542 370 3617 conduntur,
401 3541 461 3608 nisi
484 3543 590 3622 potius
613 3545 733 3623 pendet
754 3543 805 3608 hic
828 3561 892 3610 aec.
916 3563 937 3608 a
958 3543 1157 3624 praegressis
1181 3547 1274 3606 serito
1297 3549 1351 3603 aua

183 3637 319 3697 inserita.
345 3654 369 3700 c.
398 3643 472 3702 118:
495 3645 705 3704 maimonem
730 3643 851 3704 condito
875 3645 927 3716 ita,
951 3646 994 3704 uli
1017 3661 1108 3718 snpra
1130 3645 1274 3716 seriptum
1291 3646 1348 3717 esi,

185 3731 270 3810 quod
293 3730 508 3800 Schneiderns
530 3736 576 3802 its
598 3737 747 3817 explieat:
773 3738 812 3817 ,‚i.
836 3756 864 3802 e.
892 3739 977 3818 quod
1000 3739 1124 3818 reliqna
1146 3737 1349 3804 condimenta

183 3827 329 3894 aliiuet.“
352 3829 448 3896 Ennii
470 3833 573 3900 annal.
595 3833 615 3897 l.
638 3833 695 3913 IX,
717 3833 756 3900 fr.
774 3842 807 3900 l:
830 3840 962 3912 perculsi
976 3842 1099 3910 penora
1121 3837 1223 3901 Poeni.
1238 3833 1259 3897 l.
1276 3831 1346 3908 XV,

181 3922 221 3988 ir.
243 3932 278 3990 4:
301 3931 448 3992 succincti
470 3933 561 3992 eorda
582 3934 760 3996 machaeris.
783 3932 803 3996 l.
826 3932 852 4011 I,
874 3932 912 3996 ir.
934 3939 991 3998 40:

397 4029 501 4088 Cetera
523 4045 597 4105 quon
619 4033 765 4106 peperisti

186 4215 318 4286 Servius
340 4126 619 4302 aleleisgmauu.
643 4221 663 4286 l.
687 4221 744 4301 lx,
768 4241 796 4288 v.
821 4227 882 4290 656
905 4225 999 4291 dicit:
1037 4227 1164 4301 ‚molera
1186 4223 1346 4304 dainoeps,
