3040 4758
458 281 547 321 casus
562 279 829 322 sussrnnmvouuu.
850 303 875 312 -
895 283 999 324 aenan.
1266 298 1303 354 51
1425 279 1427 286 '

239 451 271 515 h.
310 453 391 519 Tum
414 455 597 519 continuum
629 459 663 520 et
684 455 867 519 universum
891 462 1017 537 tempus
1040 461 1186 538 notamr,
1209 475 1307 538 quum

150 549 283 630 dicitur,
308 569 347 615 ex
370 568 433 632 quo
455 556 601 630 tempore
623 549 664 614 ad
684 549 770 616 aliud
793 568 894 631 usque
917 571 969 618 res
1000 556 1228 635 permanserit,
1251 562 1308 621 aut

148 649 236 725 quod
258 648 413 728 temporis
436 647 575 728 spatium
597 665 661 713 una
688 647 1001 730 comprehendamus.
1047 652 1099 718 Sic
1125 655 1194 716 dode
1223 671 1308 718 com·

149 745 282 826 ponitur
305 763 362 825 per
383 744 650 825 praepositionem
679 750 717 808 ab
746 763 815 810 cum
843 747 1037 828 nominibus,
1068 766 1151 829 quae
1180 755 1307 832 tempus

148 847 266 907 notam
287 841 520 920 longissimum:
543 846 613 905 bade
635 845 673 905 ab
694 847 813 906 maore
834 850 942 915 uetula,
963 847 1034 907 inde
1056 849 1235 923 spurcitia
1257 847 1309 912 vel

148 941 291 1006 initium:
314 941 383 1002 iude
401 943 586 1016 apriodpr'o.
610 939 715 1020 Atque
730 941 775 1004 ita
787 940 968 1006 distinctius
984 943 1174 1009 describitur
1188 943 1312 1026 longin-

150 1038 258 1117 quitas
279 1037 331 1102 vel
353 1037 546 1102 diuturnitas
567 1039 731 1116 temporis,
755 1053 837 1117 quae
858 1038 906 1103 vis
926 1039 1080 1105 orationis
1096 1046 1233 1121 augetur
1253 1041 1309 1105 ad-

151 1135 245 1200 iectis
266 1138 329 1195 dam
351 1139 384 1199 et
405 1153 504 1210 usqae.
545 1133 648 1200 Plaut.
665 1133 781 1199 Pseud.
799 1134 853 1213 IV,
871 1141 901 1215 2,
928 1143 981 1200 14:
1003 1139 1074 1198 Iam
1095 1138 1164 1199 dode
1186 1157 1206 1198 a
1227 1142 1309 1214 prin·

153 1237 232 1310 cipio
255 1236 357 1309 probe.
405 1231 520 1296 Bacch.
542 1231 579 1310 V,
603 1237 632 1309 2,
656 1235 713 1297 89:
737 1235 776 1292 lli
799 1251 886 1295 senes
908 1236 966 1296 nisi
988 1234 1115 1297 tuissent
1137 1237 1223 1296 nihili
1249 1238 1312 1297 iem

151 1333 219 1392 iude
242 1333 280 1392 ab
303 1331 515 1391 adulescentia.
561 1329 658 1394 Mero.
676 1327 734 1408 ΙΙΙ,
754 1334 781 1406 1,
806 1334 855 1395 23.
901 1330 973 1394 Alia
995 1330 1140 1411 exempla
1161 1329 1233 1395 vide
1256 1348 1306 1410 ap.

151 1427 297 1506 Kampm.
322 1425 362 1489 de
386 1427 437 1488 AB
460 1443 569 1506 praep.
593 1443 621 1505 p.
647 1429 675 1489 6.
721 1423 850 1491 Terent.
874 1426 1007 1507 Adelph.
1028 1426 1055 1506 l,
1080 1432 1108 1504 l,
1136 1431 1187 1491 16:
1211 1431 1306 1490 Dissi-

151 1527 214 1588 mili
237 1527 263 1586 ie
286 1525 415 1588 studiost
436 1526 498 1584 ium
520 1523 589 1583 inde
611 1525 649 1585 ab
672 1525 885 1587 adulescentia.
930 1522 1046 1588 Heaut.
1071 1521 1096 1602 I,
1120 1528 1149 1602 2,
1173 1530 1207 1588 9:
1243 1543 1311 1586 nam

151 1625 223 1683 mihi
247 1639 440 1697 magnacum
462 1640 499 1683 eo
521 1624 583 1681 ium
601 1622 670 1682 inde
689 1640 708 1682 u
729 1623 860 1696 pueritia
880 1621 951 1682 Fuit
973 1639 1091 1697 semper
1113 1622 1310 1684 familiaritas.

237 1719 258 1782 i.
293 1720 370 1778 Iuda
399 1735 457 1798 pro
479 1720 586 1780 deinde
609 1717 754 1797 ponitur,
790 1725 823 1781 et
845 1721 882 1783 ut
904 1717 1046 1782 ordinem
1074 1721 1171 1797 atque
1200 1733 1310 1781 conse·

151 1814 311 1882 cntionem
327 1832 435 1879 rerum
450 1818 596 1894 tempore
618 1812 776 1880 factarum
796 1813 923 1894 indicet,
946 1819 979 1879 et
999 1820 1035 1878 ut
1058 1811 1217 1893 signifieat
1238 1823 1313 1891 tum,

150 1923 266 1991 postea.
290 1911 382 1978 Ennii
404 1911 507 1977 annal.
531 1911 551 1976 l.
575 1911 600 1990 I,
623 1909 661 1977 ir.
687 1918 737 1991 12,
760 1929 788 1975 v.
815 1918 869 1976 ll:
901 1920 933 1973 et
953 1919 1024 1988 post
1043 1913 1113 1972 iude
1135 1914 1217 1973 venit
1238 1912 1312 1973 diui·

150 2014 231 2073 nitus
255 2014 345 2087 pullis
368 2012 438 2087 ipsa
461 2011 566 2071 anima.
612 2008 632 2073 l.
656 2007 720 2088 Ill,
743 2007 781 2073 fr.
807 2015 856 2073 11.
879 2008 898 2073 l.
922 2006 984 2086 Ill,
1007 2006 1045 2072 fr.
1071 2013 1100 2088 2,
1123 2007 1177 2072 ubi
1200 2013 1308 2072 mmen

150 2107 248 2173 etiam
276 2105 316 2171 de
342 2107 412 2171 loco
434 2104 554 2171 dictum
584 2123 655 2172 esse
678 2111 786 2186 potest
813 2109 927 2182 [Livius
956 2107 1026 2166 iude
1048 2105 1153 2180 redit).
1198 2103 1312 2168 Annal

149 2206 209 2270 inc.
242 2205 329 2270 sedis
355 2203 469 2285 fragm.
501 2210 558 2284 51,
593 2223 621 2268 v.
648 2208 719 2268 504.
765 2203 877 2268 Annal.
909 2203 969 2268 inc.
1005 2202 1090 2267 redis
1116 2201 1229 2282 fragm.
1258 2205 1311 2265 84.

150 2303 256 2368 Plant.
278 2301 393 2367 Bacch.
417 2300 477 2380 ΙΙΙ,
502 2307 531 2380 3,
556 2306 610 2366 27ι
644 2303 721 2363 Iuda
748 2304 785 2364 de
808 2303 1004 2378 hippodromo
1024 2308 1067 2361 ‘et
1088 2301 1242 2377 palaestra
1263 2300 1315 2359 ubi

153 2405 323 2464 revenisses
344 2403 470 2462 domum.
484 2397 620 2464 -Men
637 2398 662 2479 1,
679 2403 708 2478 2,
726 2401 779 2463 62:
803 2400 880 2460 Iade
901 2416 993 2474 usque
1018 2399 1056 2458 ad
1079 2399 1216 2458 diurnam
1241 2399 1313 2458 stel-

154 2502 213 2560 lam
238 2501 400 2560 crastinam
423 2499 601 2574 potabimus.
646 2493 739 2560 Most.
763 2515 791 2559 v.
817 2501 889 2561 744.
924 2493 1012 2558 Pers.
1036 2491 1075 2572 V,
1101 2498 1127 2570 1,
1151 2497 1180 2556 8.

239 2597 330 2659 Hirro.
374 2594 497 2658 lterum
520 2609 638 2672 sequar
659 2591 917 2656 distributionem
939 2589 1065 2655 Handii.

240 2713 269 2756 4.
303 2694 385 2754 Hirro
407 2690 448 2755 de
470 2690 550 2768 loco,
571 2691 604 2755 in
626 2705 704 2768 quo,
727 2690 781 2767 qui
804 2688 960 2767 loquitur,
983 2683 1143 2763 consistit,
1165 2684 1212 2748 ita
1232 2682 1309 2748 diei·

155 2795 219 2870 tur,
243 2795 281 2854 ut
302 2793 422 2854 motum
446 2806 485 2852 ex
514 2787 665 2853 hocloco
687 2781 853 2867 significet.
898 2783 991 2847 Ennii
1013 2780 1200 2863 Iphigeniae
1221 2779 1259 2844 ir.
1281 2786 1314 2859 4,

153 2907 183 2954 v.
208 2893 279 2953 258.
324 2887 427 2951 Plaut.
451 2885 532 2950 Rud.
549 2885 590 2961 II,
613 2889 642 2962 6,
666 2889 720 2950 34:
746 2885 823 2958 Quin
847 2889 879 2942 tu
903 2882 1037 2942 1144414
1061 2878 1120 2954 (sic
1134 2875 1316 2943 Fleckeise-

155 3003 216 3050 nus
239 2984 271 3048 in
293 2983 396 3048 lehnii
423 3000 495 3047 nov.
518 2980 621 3047 annal.
645 2979 753 3063 philol.
777 2979 840 3043 vol.
862 2982 913 3056 61,
938 2980 1014 3041 sect.
1041 2981 1075 3053 1,
1101 2978 1197 3053 1851,
1221 2991 1250 3054 p.
1277 2978 1315 3039 18

155 3099 214 3163 pro
238 3080 324 3162 vulg.
347 3082 386 3157 is)
411 3100 429 3143 4
450 3099 497 3142 me
520 3084 550 3142 in
574 3097 739 3142 maxumam
763 3080 871 3140 malam
894 3091 1022 3138 erucem.
1067 3071 1183 3136 Bacch.
1207 3071 1263 3151 IV,
1286 3077 1316 3150 9,

159 3185 233 3246 137;
268 3181 333 3256 Ego
360 3180 398 3241 ad
425 3179 522 3240 iorum
554 3186 652 3239 autem
675 3179 745 3238 biae
770 3178 828 3238 ibo.
873 3169 988 3236 Bacch.
1013 3169 1039 3248 I,
1064 3172 1092 3246 l,
1124 3172 1180 3232 72:
1215 3185 1316 3231 eamus

156 3279 337 3339 hiacintho.
383 3274 497 3342 Bacch.
510 3275 535 3355 1,
562 3281 588 3352 1,
613 3279 667 3339 71:
690 3277 733 3338 Ut
754 3276 804 3335 hie
827 3273 957 3345 accipias
979 3269 1080 3343 potius
1103 3285 1206 3328 aurum
1229 3285 1317 3344 quam

157 3377 227 3435 bine
249 3393 301 3436 eas
324 3391 390 3436 eum
410 3376 515 3437 milite.
559 3371 654 3436 Most.
674 3369 734 3448 ΙΙΙ,
758 3374 788 3448 2,
814 3370 890 3431 166:
913 3369 978 3442 ligo
1001 3381 1037 3426 eo
1060 3364 1129 3426 bine
1151 3365 1316 3427 odiorum.

156 3467 255 3535 Merc.
280 3469 322 3548 ΙΙ,
345 3473 374 3551 2,
399 3475 432 3536 6:
466 3473 536 3532 ltu
558 3471 635 3532 binc.
678 3465 793 3532 Pseud.
820 3462 875 3542 IV,
902 3467 933 3541 4,
964 3465 1018 3526 ll:
1054 3464 1132 3536 Quin
1159 3463 1228 3524 Mur
1257 3464 1317 3524 olto

157 3570 234 3632 imus
257 3569 399 3647 gradibus
421 3569 625 3632 militaribus?
668 3563 735 3630 Mil.
758 3581 786 3626 v.
813 3561 907 3625 1422:
940 3561 1040 3623 Aliter
1069 3561 1138 3620 biae
1164 3577 1222 3621 non
1249 3559 1316 3620 ibis.

157 3666 247 3732 Pers.
270 3667 312 3747 11,
336 3673 366 3747 2,
393 3669 444 3731 85.
477 3663 533 3746 IV,
556 3671 588 3744 4,
611 3667 662 3729 29.
696 3661 794 3726 Marc.
816 3677 844 3722 v.
868 3660 940 3723 461.
974 3656 1012 3732 V,
1033 3659 1063 3735 2,
1086 3659 1136 3720 86.
1168 3654 1253 3720 Μ44.
1274 3652 1316 3734 lI,

161 3767 189 3844 l,
213 3768 263 3830 22.
301 3761 416 3830 Bacch.
440 3761 496 3842 IV,
521 3767 550 3842 9,
576 3765 653 3828 loe:
688 3761 802 3822 abduce
825 3773 871 3818 me
899 3758 969 3817 laiac
999 3757 1036 3816 ab
1058 3757 1124 3816 hac.
1169 3751 1265 3818 Stich.
1291 3750 1317 3830 Ι,

158 3865 189 3944 2,
218 3868 268 3928 71.
292 3861 408 3927 Ρ4444.
425 3859 480 3940 IV,
504 3865 534 3939 7,
558 3865 607 3925 97.
630 3857 714 3922 Men.
729 3854 772 3934 II,
796 3858 826 3932 2,
850 3855 900 3918 57.
931 3851 1016 3917 Μ44.
1031 3849 1070 3931 V,
1094 3856 1123 3929 2,
1148 3854 1203 3914 32:
1225 3851 1318 3911 Proin

157 3969 192 4023 tu
214 3979 261 4023 me
281 3962 352 4022 biae
374 3962 513 4023 abducas.
559 3955 676 4022 Pseud.
699 3948 764 4030 ΙΙΙ,
786 3957 817 4032 2,
840 3953 890 4016 67.
924 3948 1019 4013 Most
1042 3945 1090 4025 II,
1121 3952 1148 4022 l,
1173 3950 1230 4011 44:
1259 3948 1319 4008 Vos

159 4061 248 4122 modo
271 4061 340 4120 hine
364 4059 444 4119 abite
466 4059 547 4119 intro
570 4061 659 4131 atque
683 4053 758 4113 haee
779 4065 909 4125 propere
932 4047 1002 4107 bino
1023 4045 1193 4106 amolimini.
1231 4041 1273 4121 ΙΙ,
1291 4046 1320 4122 1,

159 4157 215 4220 24:
238 4158 311 4219 lube
334 4158 409 4218 haee
431 4155 502 4216 hine
525 4153 685 4215 amolirier.
729 4143 844 4211 Pseud.
868 4142 894 4223 l,
918 4148 948 4222 5,
973 4145 1042 4206 144.
1081 4139 1179 4205 Mero.
1202 4157 1230 4202 v.
1248 4141 1309 4204 387

159 4249 378 4333 Pseud.l,5,
404 4253 473 4317 158.
511 4247 607 4316 Most.
630 4245 672 4327 11,
698 4249 726 4326 1,
748 4247 799 4310 82.
837 4239 952 4308 Pseud.
974 4257 1004 4304 v.
1028 4241 1101 4303 594.
1137 4234 1252 4302 Ρ4444.
1276 4233 1320 4314 ΙΙ,
