3004 4764
230 235 300 304 eit'
685 235 812 278 ruouorr.
826 235 888 276 our.
902 235 940 276 vr.

231 411 364 474 emundi
386 409 459 470 mihi
488 410 545 470 Hic
573 411 655 471 intur
677 409 827 472 Bacchis?
868 407 994 474 Phorm.
1017 407 1058 488 11,
1081 413 1111 488 4,
1138 413 1188 472 14:
1225 411 1319 484 Quot
1347 411 1403 471 ho-

231 511 327 572 mines
349 513 394 568 tot
416 509 591 570 sententiue.
636 503 869 586 Nonnunquam
896 507 1131 572 substantivum
1155 522 1403 586 praegressum

231 603 320 684 npud
342 620 518 683 pronomen
539 603 707 668 relativum
728 603 897 684 repetitur,
919 608 957 668 ut
977 604 1053 668 Hec.
1076 603 1154 685 prol.
1171 605 1199 681 2,
1225 619 1261 665 v.
1290 607 1329 666 2:
1353 623 1402 665 eo-

232 705 303 764 dem
324 709 358 764 ut
378 703 445 764 iure
467 705 512 764 uti
534 721 635 764 senem
656 701 776 780 Liceat,
809 720 867 776 quo
887 703 954 764 iure
976 721 1039 765 sum
1065 721 1136 764 usus
1163 702 1404 764 adulescentior

234 803 268 864 ct
289 797 405 862 Heaut.
428 797 508 878 prol.
531 815 561 862 v.
582 803 637 862 20:
670 801 770 862 Habet
798 801 942 861 bonorum
965 803 1143 875 exemplum,
1176 815 1237 873 quo
1265 801 1407 872 exempto

233 899 293 960 sihi
314 899 422 958 Licere
444 899 476 958 id
497 897 607 972 fecere,
631 899 709 974 quod
730 899 777 958 illi
798 898 943 974 iecerunt,
966 905 1059 975 putat.
1105 896 1202 962 Andr.
1218 895 1250 976 Ι,
1276 901 1305 975 l,
1327 900 1405 958 121:

235 997 283 1057 lte
310 1001 373 1056 tum
396 996 516 1056 discedo
545 998 582 1056 ub
604 998 673 1075 illo,
695 996 801 1068 utqui
832 1014 864 1057 se
886 996 976 1057 filium
998 999 1096 1072 Neget
1122 997 1283 1070 daturum,
1319 993 1406 1074 quod

236 1096 324 1158 recte
348 1091 450 1157 Schm.
470 1091 620 1172 explieat:
644 1095 680 1156 ut
702 1109 721 1154 e
742 1091 809 1170 teli,
832 1090 894 1172 qui.

323 1188 514 1254 Pronomine
536 1189 670 1254 relativa
691 1192 765 1252 sunt
788 1187 883 1254 etium
906 1193 1070 1264 quicunque
1091 1193 1124 1253 et
1145 1192 1300 1268 quisquis,
1327 1205 1405 1267 quo·

238 1305 310 1350 rum
337 1286 386 1352 ris
413 1305 451 1351 ee
478 1291 542 1366 est,
571 1291 607 1350 ut
634 1286 740 1350 omniu
772 1285 840 1350 eius
869 1287 1006 1368 generiS,
1034 1287 1118 1367 quod
1147 1286 1406 1351 describendum

239 1387 306 1463 est,
341 1385 605 1466 complectentur,
641 1383 775 1463 ideoque
796 1383 894 1448 letius
916 1389 1007 1464 putet
1029 1403 1123 1465 quem
1146 1383 1308 1464 simplicis
1332 1400 1405 1463 pro-

238 1481 373 1547 nominis
408 1487 467 1558 qui.
517 1485 655 1562 Quisquis
690 1486 821 1546 etcum
850 1481 1048 1547 substantivo
1079 1487 1112 1546 et
1141 1481 1207 1546 sine
1241 1499 1286 1546 eo
1316 1480 1406 1561 poni·

236 1584 307 1659 tur,
347 1598 570 1660 nonnunquam
608 1579 704 1645 etium
741 1579 773 1644 in
808 1584 972 1646 contracta
1007 1579 1229 1645 enunciatione
1280 1577 1403 1644 omisso

240 1678 338 1744 verbo
364 1677 581 1757 substantivo,
613 1682 651 1742 ut
677 1677 777 1741 vicem
812 1677 1005 1758 pronominis
1036 1675 1189 1741 indefiniti
1227 1677 1405 1742 sustineat,

238 1781 404 1854 quicunque
425 1775 494 1842 iere
517 1791 643 1853 semper
665 1773 732 1838 sine
754 1775 962 1840 substantivo.
996 1778 1134 1854 Quisquis
1156 1774 1249 1838 etde
1275 1791 1403 1838 meseu-

241 1874 306 1939 lino
329 1880 362 1938 et
384 1874 424 1939 de
445 1873 595 1938 feminino
617 1891 735 1953 genere
756 1872 887 1950 dicitur,
926 1873 1028 1936 rarior
1056 1877 1107 1937 est
1132 1873 1267 1952 antiqua
1301 1872 1402 1936 formo

240 1975 354 2048 quiqu,
378 1989 459 2051 quae
482 1975 570 2035 extet
591 1972 676 2050 opud
697 1969 845 2034 Plautum
867 1969 939 2034 Aul.
963 1970 1017 2049 IV,
1044 1975 1092 2048 10,
1114 1975 1170 2034 44:
1213 1973 1327 2046 quiqui
1348 1976 1401 2043 est,

243 2085 272 2132 v.
296 2067 447 2133 Schmidt.
476 2069 515 2132 de
538 2085 679 2148 pronum.
702 2086 732 2148 p.
749 2073 799 2132 54.
822 2067 930 2134 Livius
952 2068 1151 2132 Andronicus
1168 2065 1207 2132 fr.
1229 2068 1296 2133 ine.
1322 2074 1397 2144 trag.

244 2171 264 2230 6
297 2184 346 2246 up.
374 2165 511 2230 Nonium
537 2185 568 2246 p.
595 2170 664 2242 197,
696 2170 736 2230 34
768 2167 868 2244 („ouis
895 2171 927 2230 et
950 2165 1059 2246 generi
1087 2165 1236 2230 feminino
1267 2158 1399 2231 attribui

243 2281 339 2346 posse
361 2268 506 2328 veterum
528 2262 702 2328 auctoritas
723 2261 872 2342 voluit“):
909 2267 1019 2325 Mulier
1042 2266 1174 2338 quisquis
1196 2283 1238 2338 es,
1264 2274 1298 2326 te
1324 2265 1400 2324 volu-

244 2379 319 2426 mus.
364 2360 442 2426 Ceto
466 2361 502 2425 R.
525 2361 562 2426 R.
586 2379 611 2426 e.
636 2366 669 2424 7:
713 2363 748 2422 Iu
771 2363 873 2423 eodem
896 2362 986 2424 fundo
1010 2381 1093 2424 suum
1116 2363 1261 2436 quidquid
1284 2357 1398 2424 conseri

244 2469 372 2537 oportet.
419 2458 697 2524 similimum:
732 2459 827 2522 Suum
848 2461 992 2534 quidquid
1013 2478 1104 2536 genus
1127 2463 1274 2521 talearum
1300 2459 1397 2526 serito,

243 2559 339 2637 adq.
363 2556 383 2619 l.
406 2556 599 2622 Schneider:
633 2581 696 2636 ‚,=
717 2574 860 2622 seorsum
881 2569 973 2620 suurn
997 2557 1144 2636 quodque
1167 2573 1269 2637 genus
1293 2554 1396 2621 serito·

243 2655 297 2719 Ita
318 2656 460 2730 quidquid
481 2673 539 2734 pro
561 2657 692 2732 quodque
714 2655 792 2720 dixit
815 2655 910 2718 etiem
934 2652 1073 2718 Oieer0.“
1118 2652 1152 2717 0.
1175 2659 1230 2718 24:
1253 2647 1399 2733 Quicquid

241 2757 309 2816 uiui
332 2755 504 2816 defrutsbis.
550 2753 643 2818 Ennii
665 2753 864 2833 Melanippes
886 2751 922 2816 ir.
947 2757 983 2815 5:
1027 2753 1247 2828 quiquidem
1295 2747 1394 2816 Pleut.

242 2849 331 2916 Men.
346 2851 384 2929 V,
401 2857 430 2930 2,
447 2855 501 2914 60:
525 2855 663 2930 Quisquis
685 2871 726 2926 os,
749 2852 887 2926 quicquid
907 2853 962 2912 tibi
983 2869 1087 2936 uomeu
1109 2857 1164 2925 est,
1189 2870 1297 2914 senex:
1324 2863 1392 2909 sure

245 2969 325 3011 mum
348 2953 446 3012 Iouem
469 2953 607 3027 Deosque
632 2952 669 3012 do
691 2956 786 3014 testis.
830 2951 907 3016 dist.
930 2947 973 3029 ΙΙ,
999 2956 1027 3026 3,
1052 2952 1106 3012 66:
1130 2950 1267 3010 Conteris
1290 2951 1335 3008 Tu
1350 2951 1393 3002 iia

245 3067 293 3109 me
318 3050 451 3108 oratioue
475 3052 590 3122 mulier,
614 3052 746 3125 quisquis
767 3069 809 3112 es.
853 3049 936 3114 Item
959 3049 998 3112 de
1020 3045 1171 3111 feminino
1193 3045 1274 3110 Rud.
1298 3042 1348 3117 IV,
1363 3039 1389 3108 4,

148 3197 150 3201 .
250 3149 326 3208 102:
351 3148 424 3206 Tum
446 3148 502 3207 tibi
524 3148 624 3206 hercle
648 3150 719 3210 deos
741 3151 834 3210 iretos
857 3166 922 3210 esse
938 3153 1066 3222 oportet,
1089 3146 1224 3219 quisquis
1238 3162 1279 3204 es.
1302 3141 1387 3204 Pseu.

245 3245 307 3306 eet.
330 3241 373 3320 11,
388 3261 418 3306 v.
436 3247 490 3306 37:
512 3262 681 3318 quemquern
701 3249 782 3308 visco
805 3248 998 3319 offenderent,
1021 3246 1092 3304 Tem
1109 3244 1207 3303 crebri
1228 3243 1267 3302 ud
1289 3248 1388 3301 turam

246 3343 425 3402 ¹occidebant
452 3344 525 3405 ceti.
549 3340 645 3406 Poen.
670 3341 708 3420 V,
733 3347 762 3422 2,
785 3347 838 3407 79:
882 3352 913 3404 ot
935 3349 967 3404 tu
990 3344 1111 3417 edepol,
1140 3340 1272 3413 quisquis
1293 3352 1324 3396 ts.
1360 3331 1387 3402 42

248 3443 306 3504 30:
344 3441 485 3514 quicquid
505 3444 592 3516 sopit.
636 3439 727 3504 Truc.
750 3439 792 3518 11,
819 3445 846 3519 1,
868 3445 925 3503 m:
970 3442 1022 3502 sed
1043 3440 1133 3516 fores,
1156 3431 1294 3511 quidqud
1314 3430 1388 3490 futu·

247 3547 352 3617 rumst,
372 3539 485 3602 terium.
529 3537 643 3603 Pseud.
666 3537 708 3617 ΙΙ,
731 3542 760 3616 2,
783 3543 839 3601 44:
863 3538 1006 3612 quidquid
1025 3545 1072 3598 est
1093 3551 1200 3595 uomcu
1221 3537 1277 3598 tiu·
1304 3525 1385 3590 Pers·

126 3659 128 3665 ·
247 3634 303 3714 IV,
327 3642 356 3712 3,
378 3640 431 3700 iti:
460 3640 630 3712 etquidem
652 3640 759 3712 edepol
782 3637 937 3712 liberulist,
960 3636 1092 3709 quisquis
1114 3640 1169 3710 est,
1192 3630 1232 3695 de
1246 3625 1385 3689 muliere.

246 3733 362 3814 Amph.
383 3732 410 3813 Ι,
436 3739 461 3812 l,
488 3738 561 3798 158:
605 3738 744 3814 Quisquis
770 3738 857 3795 homo
884 3735 941 3794 hue
962 3733 1099 3809 profecto
1122 3733 1243 3800 veneri,
1277 3738 1384 3800 pugnos

249 3834 326 3894 edet.
372 3831 567 3897 Menaechm.
597 3832 635 3912 V,
661 3837 688 3912 1,
714 3837 768 3896 17:
813 3835 920 3894 Omnia
941 3837 1019 3893 mele
1041 3831 1210 3908 ingerebam
1224 3833 1386 3896 quemquem

247 3939 418 4006 aspexerat
463 3931 558 3996 Poen.
581 3930 640 4010 ΙΙΙ,
667 3937 693 4010 1,
717 3935 751 3995 2:
777 3933 843 4006 Qui,
866 3930 1009 4005 quidquod
1030 3932 1104 4004 ugit,
1126 3929 1262 4003 properat
1284 3918 1383 3981 omni&

248 4025 364 4106 Amph.
388 4028 426 4109 V,
459 4034 564 4110 1,23;
599 4033 652 4091 Ibo
674 4037 708 4090 ut
730 4048 919 4106 cognoscem,
951 4029 1082 4101 quisquis
1110 4032 1176 4086 est:
1202 4015 1273 4080 Aul.
1297 4016 1340 4093 ΙΙ,
1359 4013 1383 4084 2,

249 4129 306 4190 21:
330 4129 380 4203 qui
402 4131 459 4191 siu
480 4131 624 4206 quicqum
644 4129 807 4204 tetigerint,
831 4109 942 4189 tenent.
972 4121 1089 4187 daem
1112 4112 1225 4190 sotius
1246 4112 1304 4178 ine·
1327 4109 1383 4177 uu

248 4221 288 4288 fr.
316 4230 370 4290 19:
415 4230 532 4300 Quaeso
554 4230 645 4302 igitur
665 4226 798 4300 quisquis
820 4243 866 4297 es,
894 4241 960 4284 mea
989 4224 1104 4282 mulier.
1134 4209 1297 4276 Caecilius
1320 4209 1384 4274 su·
