3058 4766
443 283 531 324 casus
546 285 814 328 suesuaumvoaun.
829 311 852 320 -
867 293 971 333 nahar.
1244 291 1284 349 79

112 456 140 528 3,
166 453 229 516 89;
253 455 361 528 quoin
386 454 474 519 loco?
498 455 616 522 Phoeu.
641 459 695 539 IV,
711 469 741 538 4,
758 468 791 526 5:
815 469 848 526 iu
868 467 923 528 'suo
946 483 1080 543 quaeque
1103 455 1282 542 (venustas)

111 551 171 611 loco
196 552 255 618 sita
277 555 395 614 munde.
421 550 512 618 Ourc.
536 553 590 634 IV,
622 563 648 635 l,
672 561 706 622 6:
731 561 966 626 Conmonstrabo
996 582 1053 638 quo
1075 564 1108 621 u'a
1137 573 1281 636 quemque

112 648 261 710 hominem
285 649 374 710 facile
391 655 548 716 inveniatis
571 657 639 719 loco.
664 653 761 724 Stich.
776 656 814 739 V,
831 663 859 739 4,
884 658 918 724 3:
942 681 1030 738 quom
1053 663 1106 720 hoc
1121 657 1281 730 recipimus

113 747 145 804 ta
167 746 236 807 loco.
263 744 379 811 Pseud.
402 745 439 826 V,
469 753 493 828 l,
518 755 551 814 9:
581 757 611 814 in
641 759 708 817 loco
738 757 853 821 festivo.
877 757 991 823 Bacch.
1015 755 1072 832 ΙΙΙ,
1101 759 1130 830 3,
1161 755 1218 813 26:
1250 751 1280 808 in

112 845 273 906 latebrosis
296 847 380 908 locis.
404 844 500 910 Stich.
530 847 555 928 I,
579 853 610 928 2,
639 853 671 914 5:
703 855 765 914 Iam
789 857 906 930 quidem
934 858 968 915 ta
989 874 1043 918 auo
1071 853 1196 930 quicque
1220 851 1282 910 loco

113 941 171 1001 nisi
194 943 252 1002 erit
274 945 347 1002 mihi
374 945 461 1004 situm
485 951 691 1022 supellectilis.
717 948 800 1015 Men.
823 952 903 1032 prol.
928 971 955 1016 v.
979 956 1038 1016 56:
1057 969 1116 1012 auo
1140 949 1224 1009 adsto
1247 947 1281 1005 in

114 1039 182 1100 loco.
206 1037 291 1102 Meu.
314 1056 343 1102 v,
368 1044 449 1104 984:
473 1048 607 1109 omnibus
630 1049 661 1108 in
684 1051 767 1110 locis.
791 1048 878 1114 Peru.
903 1047 959 1130 IV,
986 1055 1016 1129 4,
1043 1053 1097 1114 80:
1126 1053 1225 1107 natast
1246 1045 1282 1102 aa

113 1138 207 1202 comto
230 1141 301 1200 loco.
326 1135 423 1202 Merc.
446 1137 493 1218 ΙΙ,
520 1145 547 1219 1,
572 1148 604 1206 7:
634 1147 660 1206 si
683 1148 769 1207 ambo
796 1150 829 1206 ta
849 1166 909 1208 uno
937 1157 1039 1210 essent
1062 1149 1130 1207 loco.
1162 1140 1278 1205 Pseud.

114 1233 167 1314 IV,
185 1241 213 1314 5,
240 1240 271 1298 1:
294 1239 335 1296 mi
358 1239 472 1298 animus
495 1241 528 1298 io
550 1246 611 1302 tuto
634 1244 732 1303 locust.
756 1241 871 1309 Bacch.
894 1243 953 1324 ΙΙΙ,
971 1251 999 1324 3,
1025 1249 1082 1308 5οε
1107 1246 1158 1320 qui
1178 1243 1212 1300 in
1234 1243 1279 1301 lu-

109 1336 220 1406 panari
240 1335 376 1396 adcubat.
401 1332 456 1414 IV,
479 1340 508 1416 4,
533 1340 587 1400 91:
612 1341 747 1415 quodque
769 1345 803 1402 iu
818 1345 921 1405 lustris
944 1345 1096 1404 comedim.
1120 1339 1205 1402 Pars.
1222 1335 1278 1416 IV,

117 1432 142 1505 3,
166 1433 219 1494 36:
244 1433 300 1492 tull
322 1441 355 1492 ut
377 1435 410 1492 ab
433 1435 494 1494 luto
516 1437 665 1498 haeream.
689 1435 804 1502 Pseud.
828 1438 883 1518 IV,
908 1444 936 1518 2,
960 1445 1000 1504 27
1011 1461 1017 1499 :
1042 1457 1119 1499 nunc
1143 1440 1229 1516 homo
1244 1439 1280 1495 iu

113 1527 509 1608 necromantiam:
546 1535 576 1592 iu
608 1535 752 1597 manibus.
781 1534 864 1600 Men.
892 1535 931 1616 V,
960 1540 989 1615 2,
1022 1539 1101 1600 112:
1140 1537 1277 1595 stimulus

112 1628 166 1687 iam
188 1627 222 1687 tn
243 1636 374 1692 malmsb.
397 1627 494 1694 Merc.
519 1628 557 1704 V,
577 1633 606 1708 2,
621 1633 679 1694 85:
703 1634 765 1694 Iam
789 1637 978 1696 machaerast
1000 1637 1033 1694 u'n
1055 1651 1155 1694 muna.
1176 1629 1275 1694 Merc.

112 1739 137 1786 v.
161 1727 237 1789 695:
262 1727 399 1790 inmari.
423 1727 516 1807 Epid.
541 1727 578 1804 V,
609 1731 638 1807 2,
669 1734 727 1793 14:
762 1751 888 1807 quaeras
911 1751 977 1793 mea
999 1750 1090 1794 causa
1113 1734 1159 1792 vel
1181 1729 1279 1789 medio

112 1824 142 1882 lo
155 1825 242 1886 mord.
271 1822 360 1888 Pers
376 1821 433 1903 ΙΙΙ,
452 1828 478 1902 l,
503 1829 556 1889 53:
581 1829 684 1889 liabeo
705 1830 739 1888 io
754 1831 907 1892 memorio.
932 1828 1027 1894 Poen.
1045 1845 1140 1892 scena
1162 1825 1275 1889 ultima

111 1938 136 1983 u.
161 1924 214 1985 33:
251 1920 400 1983 facitote:
421 1924 563 1986 memoria
586 1927 707 1989 habeas.
730 1925 827 1991 Mero.
851 1944 879 1989 v.
905 1930 982 1992 108:
1020 1929 1050 1986 in
1077 1928 1155 1988 navi.
1186 1923 1273 1987 Pera.
1309 1999 1312 2006 ι

111 2034 136 2079 v.
160 2021 236 2082 709:
261 2037 328 2079 nam
351 2022 466 2082 animus
489 2023 548 2082 iam
569 2023 603 2081 u'a
623 2025 725 2085 navist
748 2027 828 2087 mihi.
851 2022 934 2088 Meu.
964 2023 1004 2100 ΙΙ,
1030 2031 1058 2099 3,
1082 2027 1137 2088 50:
1165 2022 1272 2098 prandi

112 2117 142 2175 ia
162 2119 241 2179 aaut.
265 2113 351 2180 Meu.
375 2115 414 2196 V,
439 2123 468 2197 7,
493 2119 546 2181 16:
570 2121 619 2181 hic
640 2123 674 2180 iu
689 2127 799 2196 pacato
822 2123 934 2197 oppido.
964 2121 1001 2200 V,
1026 2126 1055 2201 2,
1080 2124 1134 2184 95:
1164 2121 1274 2195 Pugnis

111 2232 174 2276 meu
196 2222 280 2275 votas
302 2215 335 2274 io
353 2216 439 2276 huius
462 2233 512 2276 ore
534 2219 691 2294 quicquam
710 2237 847 2294 parcere.
871 2218 909 2297 V,
928 2224 956 2296 7,
974 2223 1028 2282 23:
1051 2223 1081 2279 iu
1098 2238 1159 2280 ore.
1185 2214 1273 2278 Asin·

111 2309 179 2391 Ι,2,
196 2313 248 2375 13:
273 2312 400 2373 Sordido
424 2316 514 2375 vitam
537 2318 711 2378 oblectabas
734 2335 811 2393 pane
833 2319 867 2376 a'a
882 2319 998 2391 pannas
1020 2319 1130 2394 inopia,
1154 2314 1274 2391 dequo

111 2425 168 2472 usu
182 2408 428 2490 praepositionis
443 2412 476 2472 ta
487 2427 516 2474 v.
530 2409 619 2475 Rein.
633 2419 757 2492 quaest.
781 2411 888 2478 Plaut.
907 2431 937 2493 p.
956 2417 984 2478 9.
1002 2411 1105 2477 Oasin.
1129 2410 1154 2489 Ι,
1169 2427 1198 2474 v.
1217 2413 1274 2472 51:

110 2509 140 2567 iu
159 2509 253 2572 medio
270 2511 388 2584 pariete
410 2511 580 2572 vorsabere.
610 2507 694 2574 Men.
718 2509 743 2588 Ι,
770 2513 799 2591 2,
824 2515 878 2576 34:
908 2530 1087 2590 numquam
1114 2517 1147 2570 tu
1173 2510 1273 2572 vidisti

111 2609 235 2674 tabulam
258 2608 370 2682 pictam
390 2608 424 2666 in
442 2609 565 2680 parate.
609 2606 707 2672 Merc.
731 2607 771 2686 ΙΙ,
796 2613 824 2685 2,
847 2615 906 2673 44:
930 2614 1015 2686 quasi
1038 2612 1077 2670 sit
1098 2610 1213 2682 signum
1227 2607 1272 2681 pi-

111 2713 183 2766 ctum
203 2708 238 2765 a'a
254 2706 380 2779 pariete.
405 2699 508 2767 Oasin.
526 2701 551 2781 Ι,
568 2722 595 2767 v.
614 2707 662 2766 52.
678 2702 791 2767 Pseud.
816 2705 871 2784 ΙΙΙ,
895 2709 925 2783 2,
949 2710 1002 2768 22;
1026 2710 1056 2766 in
1079 2707 1197 2781 patinis.
1216 2701 1273 2784 IV,

111 2807 137 2881 7,
159 2806 215 2866 75:
244 2804 275 2862 in
302 2805 402 2877 patria
430 2819 504 2862 mea.
534 2799 619 2864 Men.
643 2800 681 2879 V,
706 2806 735 2879 9,
760 2805 815 2865 52:
848 2807 878 2864 iu
905 2807 1006 2880 patria
1039 2811 1098 2865 tua.
1127 2800 1214 2865 Pers
1244 2818 1273 2863 v.

110 2903 181 2964 594:
205 2920 265 2975 quo
286 2901 443 2974 lupatria
466 2905 536 2959 nata
559 2901 607 2961 sit.
629 2897 685 2978 IV,
708 2905 739 2978 4,
764 2903 821 2962 72:
843 2903 873 2961 in
895 2905 1003 2977 patria.
1028 2897 1143 2964 Bacch.
1167 2895 1222 2976 IV,
1245 2901 1274 2978 6,

111 3002 163 3060 ll:
190 3000 221 3058 in
248 3000 385 3073 pistrino.
416 2994 533 3060 Pseud.
560 3015 588 3060 v.
615 2999 708 3062 1060:
744 3001 853 3060 Verum
874 3000 908 3058 c'a
930 3000 1079 3073 protracto
1103 3000 1209 3070 credo,
1240 3002 1273 3055 ut

110 3097 253 3173 convenit,
276 3095 349 3158 iore.
384 3091 479 3158 Stich.
510 3091 569 3170 III,
600 3099 628 3173 l,
655 3099 706 3158 15:
730 3097 764 3156 ia
785 3113 845 3156 :ano
861 3101 953 3171 portu
976 3096 1091 3157 luimus.
1120 3092 1204 3156 Meu.
1229 3089 1274 3172 II,

111 3199 137 3272 2,
160 3197 215 3257 69:
239 3195 325 3253 Nunc
347 3193 381 3251 a'a
403 3193 475 3253 istoc
489 3197 582 3266 portu
606 3200 666 3254 stat
689 3196 772 3255 navis
794 3195 995 3270 praedatoria.
1019 3192 1117 3256 Mero.
1130 3190 1155 3270 Ι,
1175 3197 1200 3265 1,
1221 3193 1271 3253 96:

109 3293 171 3352 dum
192 3293 337 3365 inportu
358 3290 403 3350 illi
428 3291 554 3352 ambulo.
579 3289 690 3370 Amph.
714 3290 794 3367 prol.
807 3296 835 3354 i.
853 3296 908 3356 91:
932 3295 962 3352 in
986 3293 1152 3366 proscenio.
1176 3286 1271 3352 Most.

109 3387 161 3467 III,
187 3393 216 3467 3,
242 3391 275 3451 6:
307 3389 374 3448 Non
399 3387 534 3463 equidem
558 3391 647 3449 ullam
670 3389 704 3447 in
719 3391 839 3462 publico
862 3408 928 3450 esse
950 3393 1091 3450 maiorem
1114 3390 1171 3448 hac
1195 3390 1272 3448 exis-

109 3493 192 3550 tumo.
223 3502 252 3547 v.
278 3489 312 3549 7:
338 3487 415 3560 Quin
438 3504 493 3561 ego
515 3487 580 3561 ipse
604 3493 635 3546 et
657 3487 845 3549 Philolaches
867 3489 1036 3561 abachum
1059 3487 1153 3548 omnis
1177 3487 1270 3560 porti-

110 3602 156 3645 cus
179 3585 285 3645 Sumus
310 3585 479 3645 commensi.
523 3581 618 3646 Most.
642 3579 706 3661 III,
735 3586 767 3660 2,
799 3587 853 3647 82;
876 3587 934 3646 nisi
961 3587 986 3646 si
1012 3585 1046 3644 io
1062 3586 1152 3658 pateo
1180 3599 1272 3659 quae-

109 3684 222 3756 piamst.
246 3678 305 3758 ΙΙΙ,
331 3685 359 3757 l,
385 3683 462 3742 120:
486 3682 552 3758 Qua
573 3682 607 3740 la
626 3683 746 3761 raptaue
766 3683 839 3743 istas
863 3684 945 3743 aedis
968 3684 1040 3743 emit
1061 3680 1160 3742 filius?
1183 3679 1271 3742 Peru.

109 3774 132 3855 Ι,
154 3781 182 3857 3,
206 3781 241 3840 8:
267 3779 349 3838 Bene
372 3784 406 3837 ut
430 3779 463 3838 iu
478 3778 794 3842 centriaconcaleant.
840 3777 937 3844 Stich.
967 3776 992 3858 I,
1017 3783 1045 3854 2,
1070 3783 1124 3841 36:
1148 3780 1178 3838 in
1202 3797 1271 3852 sup-

111 3877 199 3939 scllio.
240 3873 339 3940 Stich.
362 3894 391 3939 u.
416 3877 478 3940 698
501 3890 562 3953 sq.:
591 3877 732 3939 Potiusne
755 3879 789 3937 tu
810 3879 946 3953 sapsettto
973 3879 1084 3938 (lanice
1107 3877 1271 3950 accipimur

111 3976 228 4048 quamde
249 3975 282 4035 ia
304 3974 407 4034 lectis?
428 3971 544 4037 Pseud.
567 3970 593 4051 I,
620 3977 647 4053 1,
672 3977 727 4036 34:
750 3977 861 4036 Eccum
888 3977 922 4036 aba
945 3975 1060 4037 tabellis
1082 3975 1270 4049 porrectam:

110 4071 138 4130 in
159 4089 228 4133 cera
250 4073 349 4134 cubat.
378 4067 482 4133 Pseud
505 4089 533 4133 v.
559 4077 656 4132 1115:
680 4074 710 4130 in
731 4074 864 4135 taberna.
888 4071 954 4135 Mil.
977 4070 1020 4150 ΙΙ,
1045 4074 1074 4149 2,
1092 4069 1126 4134 ’5.
1149 4065 1265 4130 Pseud.

72 4197 74 4202 ·
110 4164 158 4246 IV,
181 4172 209 4247 2,
234 4171 289 4232 24:
318 4170 515 4232 intenebris.
548 4166 661 4232 Bacch.
686 4165 725 4246 V,
750 4172 779 4242 2,
804 4172 859 4232 51:
892 4171 989 4230 Senex
1020 4176 1149 4244 optume,
1177 4184 1268 4241 quan·

110 4271 195 4329 tumst
216 4268 247 4327 in
269 4273 360 4328 terra.
383 4261 497 4328 Pseud.
521 4265 546 4345 I,
571 4271 599 4345 3,
626 4269 699 4328 117:
736 4274 878 4343 quantum
903 4268 937 4326 ia
959 4271 1040 4329 terro
1069 4266 1149 4340 degit
1176 4265 1268 4323 homi·
