3070 4758
252 261 314 320 316
671 251 825 294 summanr.
840 251 902 294 cnr.
916 251 958 293 ni.

251 423 419 507 perspicue
436 423 583 504 cognosci
604 426 715 508 possit.
760 425 810 492 Ex
832 441 894 507 quo
917 419 1061 503 allicitur,
1084 419 1306 487 nullomodo
1331 419 1431 488 artifi-

253 522 368 587 ciosam
391 525 424 586 et
446 520 639 602 implicatam
659 541 729 589 esse
751 539 845 606 posse
866 522 948 587 hanc
969 520 1135 599 rationem,
1164 521 1230 584 sed
1256 519 1430 602 simplicis-

252 620 363 685 simam
387 623 421 684 et
443 619 549 700 talem,
573 639 653 703 quae
676 623 794 703 ubique
814 620 907 686 iacilc
922 620 955 684 in
977 617 1086 684 oculos
1100 617 1272 682 incurrat.
1312 617 1430 683 Verum

249 715 452 798 simplicitate
474 736 538 784 non
562 719 741 785 excluditur
755 719 901 798 varietas,
924 734 1006 800 quae
1029 733 1090 797 quo
1112 717 1229 797 magis
1254 717 1429 802 perspicue

251 825 285 880 et
306 815 373 881 sine
395 815 462 881 ulla
483 818 699 884 controversia
719 817 753 883 in
777 817 916 900 genitivo
939 820 1088 896 apparet,
1110 814 1159 878 ita
1184 820 1229 880 ut
1262 815 1350 880 satis
1373 811 1430 880 dii·

254 910 338 978 iicile
361 913 404 978 sit
426 913 568 995 singulas
582 914 678 980 huius
693 933 784 980 casus
799 914 917 979 formas
932 912 1120 993 discernere,
1143 929 1188 976 eo
1215 911 1349 979 certius
1374 909 1430 975 hac

257 1009 330 1092 ipsa
351 1009 539 1094 primigenia
563 1017 595 1078 et
609 1011 717 1078 nativa
732 1011 917 1094 simplicitas
932 1015 1073 1092 apparet,
1095 1027 1159 1088 qua
1176 1011 1285 1075 ambo
1303 1009 1431 1074 nomina

257 1109 344 1172 inter
365 1125 400 1174 se
423 1110 667 1191 coniunguntur.
704 1111 786 1176 Nam
802 1111 870 1175 sine
890 1109 951 1174 bac
965 1107 1166 1190 simplicitate
1183 1127 1252 1189 pro
1269 1107 1429 1174 varietate

251 1205 357 1287 potius
370 1209 441 1270 orta
457 1212 543 1272 esset
559 1207 699 1274 conlusio
715 1215 748 1273 et
759 1209 946 1287 obscuritas,
962 1223 1042 1288 quae
1058 1204 1118 1270 nisi
1132 1207 1242 1271 variis
1260 1205 1428 1271 adiumen-

251 1303 305 1383 tis,
327 1303 416 1370 velut
437 1306 736 1388 praepositionibus,
760 1305 831 1371 tolli
851 1325 913 1371 non
935 1304 1101 1385 potuisset.
1139 1303 1286 1370 Talibus
1318 1306 1424 1367 autem

257 1401 448 1469 adiumentis
471 1403 581 1486 bagua
602 1403 702 1470 latina
716 1403 748 1469 in
770 1404 908 1486 genitivo
931 1419 1100 1482 numquam
1123 1419 1183 1466 usa
1210 1407 1269 1467 est
1293 1418 1357 1466 nec
1371 1397 1427 1463 nisi

254 1499 417 1567 rarissime
439 1521 498 1584 pro
522 1503 662 1586 genitivo
684 1503 814 1568 maioris
835 1499 1069 1583 perspicuitatis
1092 1497 1321 1584 causa{simile
1338 1495 1424 1580 quid·

254 1597 327 1663 dam
350 1599 502 1682 adhibet,
524 1607 562 1666 ιιι
589 1602 686 1666 elium
710 1619 818 1666 casum
841 1600 1040 1665 coniunctum
1067 1615 1138 1662 cum
1165 1595 1425 1679 praepositione,

253 1699 289 1761 et
319 1697 420 1763 sicubi
448 1699 609 1765 invenitur
637 1699 809 1764 etiamnum
833 1697 1006 1778 genitivus,
1029 1694 1118 1760 cuius
1140 1693 1345 1776 significatio
1368 1707 1423 1756 non

259 1796 367 1862 statim
398 1798 544 1878 cognosci
573 1797 689 1878 possit,
716 1815 827 1878 saepe,
849 1799 886 1860 ut
907 1794 947 1860 de
967 1791 1077 1857 multis
1099 1792 1169 1858 aliis
1193 1800 1345 1871 taceam,
1368 1789 1422 1853 hoc

258 1911 298 1956 ex
321 1911 358 1957 eo
381 1896 591 1975 repetendum
608 1898 667 1974 est,
689 1894 773 1975 quod
796 1893 961 1972 rationem,
985 1908 1066 1972 quae
1089 1907 1198 1971 perse
1224 1891 1360 1972 quidem
1377 1889 1420 1950 est

264 1988 442 2070 implicata,
471 1991 587 2056 sensim
609 2009 667 2072 pro
689 1991 824 2072 simplici
847 1992 991 2071 accipere
1015 1995 1262 2054 consueverant.
1312 1981 1421 2051 Primi·

264 2088 359 2168 genia
385 2088 485 2169 igitur
507 2087 696 2171 significatio
719 2089 859 2170 genitiva
881 2092 951 2152 erat
971 2086 1054 2150 ratio
1076 2085 1184 2151 nativa
1201 2089 1238 2151 et
1253 2081 1419 2166 simplicis·

264 2185 344 2250 sima
365 2185 453 2250 nulla
474 2185 538 2251 alia
559 2187 686 2252 notione
708 2187 925 2252 intercedente
947 2185 1069 2260 adiuta,
1093 2201 1155 2264 qua
1177 2185 1207 2248 ei
1235 2185 1295 2266 qui
1317 2182 1420 2258 loque·

263 2282 375 2364 batur,
410 2301 491 2364 quae
530 2289 617 2350 esset
648 2283 779 2367 propria
810 2285 858 2350 vis
891 2303 928 2350 ac
959 2287 1073 2348 natura
1105 2282 1240 2347 alterius
1277 2275 1417 2352 nominis,

265 2381 446 2446 accuratius
469 2383 664 2449 constituere
687 2383 884 2465 propositum
908 2385 987 2461 erat,
1013 2383 1046 2445 et
1066 2381 1113 2444 ita
1135 2381 1277 2460 quidem,
1302 2385 1418 2444 utnon

261 2477 322 2544 hoc
356 2478 454 2544 vellet
483 2481 603 2562 dicere,
630 2481 691 2547 sibi
723 2482 810 2547 illam
832 2481 930 2546 talem
956 2479 1057 2544 videri
1084 2481 1224 2558 anum,
1255 2477 1315 2542 sed
1342 2472 1416 2537 banc
1488 2553 1489 2562 ἵ

263 2575 516 2642 coniunctionem
545 2595 731 2645 accensere
754 2579 849 2644 talem
874 2597 960 2657 esse,
989 2595 1070 2658 quae
1093 2594 1128 2641 re
1150 2593 1227 2640 vera
1249 2576 1285 2639 in
1307 2574 1416 2638 natura

261 2672 313 2737 vel
342 2672 375 2738 in
396 2675 575 2741 rationibus
601 2677 739 2742 notionis
767 2675 961 2742 definiendae
991 2674 1117 2738 aliunde
1141 2673 1225 2738 notis
1248 2671 1411 2736 niteretur.

263 2769 307 2834 Et
328 2771 407 2837 haec
429 2775 556 2852 quidem
583 2774 655 2840 talis
678 2780 763 2854 erat,
787 2779 824 2840 ιιι
846 2776 889 2854 ei,
919 2772 973 2855 qui
995 2771 1117 2853 primus
1144 2769 1274 2835 audiret
1303 2777 1412 2833 nomen

268 2885 340 2932 oum
363 2870 503 2949 genitivo
532 2871 734 2937 coniunctum
755 2869 1008 2952 pronunciatum,
1030 2867 1115 2933 ultro
1131 2868 1302 2948 perspicua
1324 2875 1413 2944 appa·

266 2971 355 3032 reret
385 2970 418 3031 et
439 2969 629 3049 necessaria,
651 2987 742 3050 quae,
757 2973 794 3034 ιιι
808 2969 890 3034 clare
913 2966 1158 3049 perspiceretur,
1181 2983 1244 3030 non
1259 2956 1413 3042 indigeret

265 3064 404 3129 transitu
427 3066 551 3132 demum
574 3067 659 3133 iacto
681 3068 721 3133 ab
743 3085 808 3131 una
828 3065 955 3132 notione
980 3065 1021 3130 ad
1043 3064 1186 3129 alteram.

349 3161 436 3228 Talis
466 3163 601 3230 duorum
633 3165 795 3230 nominum
824 3163 1060 3245 compositionis
1090 3180 1186 3227 causa
1218 3160 1331 3226 eadem
1359 3151 1411 3258 est3

269 3275 332 3339 qua
365 3261 490 3325 omnino
519 3263 675 3328 vocabula
705 3263 788 3328 iuter
817 3281 851 3328 se
878 3260 1128 3342 coniunguntur,
1161 3276 1233 3323 nam
1262 3257 1330 3323 sine
1361 3245 1411 3315 tali

270 3356 486 3424 additamento
514 3359 602 3425 notio
633 3378 697 3425 non
725 3360 802 3425 satis
829 3359 996 3441 perspicua
1025 3357 1138 3422 luisset
1159 3361 1192 3421 et
1214 3348 1327 3436 quum,
1354 3361 1410 3430 (1110

275 3456 377 3536 magis
400 3455 539 3537 definita,
562 3473 599 3522 ea
622 3459 724 3540 magis
744 3459 912 3540 perspicua
934 3456 976 3521 sit
997 3457 1101 3535 notio,
1127 3472 1230 3536 neque
1251 3452 1411 3533 loquamur

269 3552 330 3618 boc
358 3553 428 3618 loco
459 3554 499 3621 de
526 3555 668 3621 subiecto
700 3560 733 3621 et
758 3557 943 3637 praedicato
969 3571 1072 3634 neque
1099 3553 1224 3617 omnino
1253 3551 1292 3616 de
1322 3559 1412 3614 enun-

267 3651 418 3731 ciatione,
447 3653 505 3717 sed
535 3658 658 3719 tantum
686 3654 726 3719 de
752 3655 880 3719 notione
903 3670 960 3734 per
981 3669 1031 3732 se,
1055 3670 1136 3733 quae
1162 3647 1339 3715 definienda
1359 3640 1411 3712 est,

267 3755 407 3831 apparet
431 3750 502 3830 ipsa
526 3755 643 3817 natura
669 3751 765 3818 huius
793 3750 929 3817 notionis
951 3750 1120 3830 postulari,
1148 3751 1184 3812 ut
1206 3739 1411 3811 additamento

268 3848 321 3914 vel
351 3845 521 3913 definiatur
547 3849 599 3913 vel
626 3866 690 3914 non
717 3847 897 3916 definiatur.
941 3847 1010 3913 Hoc
1038 3847 1172 3912 alterum
1199 3851 1267 3910 tum
1294 3843 1411 3908 demum

262 3943 332 4012 fieri
358 3949 495 4027 poterat,
519 3963 616 4026 quum
639 3947 667 4013 is
697 3947 750 4028 qui
773 3945 965 4028 loquebatur
985 3944 1144 4010 notionem
1167 3943 1229 4008 iam
1253 3941 1329 4008 satis
1344 3925 1412 4002 defi·

270 4046 371 4112 uitam
394 4060 464 4111 esse
486 4045 634 4126 idemque
656 4063 727 4110 eum
740 4042 806 4126 ¹qui
827 4043 978 4110 audiebat
1001 4059 1130 4108 censere
1152 4040 1295 4124 putabat.
1337 4023 1410 4138 Illud

272 4150 380 4210 autem
403 4144 430 4228 si
451 4142 561 4225 fiebat,
584 4150 621 4209 ut
641 4144 728 4208 notio
750 4144 821 4224 ipsa
842 4139 1033 4224 postularet,
1059 4144 1096 4205 ut
1118 4139 1294 4204 accuratius
1316 4125 1413 4200 detn-

271 4249 372 4324 retur,
394 4243 481 4308 notio
504 4240 597 4310 nimis
619 4241 682 4308 late
702 4240 844 4322 patebat,
866 4240 913 4306 ita
932 4243 978 4318 ut,
1002 4241 1157 4319 quatenus
1173 4251 1316 4316 quaeque
1337 4218 1411 4306 cogi·
