3064 4754
192 237 255 294 212
636 225 792 267 sensnm.
814 227 877 268 OAP.
891 227 932 267 ΙΙΙ.

192 405 292 482 alane
314 417 385 465 eam
406 399 563 464 rationem
578 403 747 480 exprimat,
768 417 851 480 quae
866 400 984 477 dativo,
1007 403 1041 464 et
1056 415 1136 475 eam,
1158 413 1242 477 qnae
1263 391 1374 462 abla-'

193 498 261 562 tiro
289 515 362 563 enm
388 495 626 577 praepositione
651 497 818 563 coniuncto
846 497 1041 577 designatur.
1086 492 1238 559 Refertur
1266 494 1354 558 enim

194 613 248 660 res
270 595 311 662 ad
333 594 510 673 bominem,
533 593 565 657 in
588 611 652 674 quo
674 594 744 674 ipsa
766 594 871 661 locum
894 595 1047 672 obtineat,
1070 595 1127 656 aut
1149 609 1169 656 a
1190 609 1253 671 quo
1275 609 1353 671 pro·

193 690 280 756 loeta
301 691 457 757 videatur.
494 691 538 756 Et
553 690 745 772 intelligitur
758 691 914 772 imprimis
936 691 1070 768 animun,
1094 688 1261 768 sententie,
1284 690 1355 769 opi·

193 788 248 852 nio
268 787 449 867 hominum,
482 789 524 853 od
551 805 648 869 quam
678 787 799 869 aliquid
826 789 1047 866 constituitur,
1080 787 1217 864 ideoque
1247 791 1280 850 ct
1309 787 1354 864 id,

195 885 282 964 ouod
303 884 398 950 alicui
420 885 525 951 visum
554 889 619 964 est,
656 891 713 950 aut
739 903 778 949 ex
804 884 940 950 alicuius
971 884 1130 949 sententia
1152 887 1258 947 exstat
1286 881 1355 964 (Sic

195 983 342 1048 Handius
365 999 400 1062 p,
418 987 482 1046 410
505 983 577 1061 so).
621 981 719 1048 Naev.
742 981 782 1047 fr.
808 983 867 1047 inc.
892 998 969 1046 com.
994 988 1023 1060 3,
1046 999 1075 1044 v.
1102 985 1178 1046 109:
1201 985 1251 1056 qui
1273 983 1356 1056 apud

196 1087 295 1157 910100
318 1085 399 1142 solns
421 1088 566 1156 praestat.
601 1079 706 1145 Plaut
722 1079 811 1146 Pers,
827 1080 882 1158 IV,
900 1086 929 1158 7,
945 1085 981 1145 9:
1005 1081 1127 1141 Credidi
1149 1089 1265 1154 gratum
1287 1078 1354 1139 foro

195 1181 378 1240 Beneficium
400 1195 496 1238 meam
519 1184 593 1252 apat
614 1184 649 1239 ta.
693 1177 821 1242 Terent.
845 1177 922 1242 Hec.
946 1177 1000 1256 IV,
1023 1182 1052 1254 2,
1075 1180 1112 1240 8:
1139 1179 1181 1238 Ut
1209 1177 1289 1250 apad
1309 1193 1357 1235 me

195 1277 361 1352 praemium
384 1291 451 1336 esse
474 1277 603 1350 positum
626 1278 734 1352 pietati
756 1279 843 1338 scias.
867 1309 910 1322 --
933 1278 962 1340 6.
987 1276 1014 1338 A
1034 1273 1179 1355 personis
1201 1269 1357 1336 transier-

196 1377 251 1434 tnr
273 1371 315 1434 ad
336 1387 390 1435 res
412 1374 445 1434 et
469 1370 508 1435 de
529 1369 673 1436 locorum
691 1373 831 1453 regione,
854 1372 1094 1452 propinquitate
1119 1377 1153 1434 01
1173 1370 1288 1434 vicinia
1307 1368 1357 1432 di-

197 1469 292 1534 eitur.
315 1467 355 1531 In
376 1468 501 1550 vulgari
522 1487 669 1534 sermone
694 1470 733 1533 da
756 1470 827 1550 ipso
849 1470 918 1534 loco
941 1488 999 1549 pro
1021 1473 1056 1530 ta
1076 1487 1135 1550 per
1157 1485 1250 1532 omne
1272 1472 1356 1531 tem-

196 1583 258 1646 pus
287 1571 475 1645 usurpatam
504 1571 589 1646 erat,
618 1566 674 1632 sed
701 1566 832 1632 abonis
855 1567 1065 1647 scriptoribus
1085 1571 1210 1630 tautum
1232 1565 1265 1628 in
1285 1565 1357 1644 qui-

197 1662 334 1727 busdam
356 1662 516 1743 formulis,
539 1667 620 1738 aprrd
640 1666 756 1738 forma,
779 1668 860 1739 apae
880 1667 1002 1726 ailiam:
1027 1664 1137 1728 comici
1159 1662 1199 1727 de
1221 1661 1357 1727 urbibus

198 1760 349 1826 dicebant
369 1777 428 1840 pro
448 1763 490 1822 ta.
537 1760 636 1826 Naev.
664 1761 738 1825 bell.
769 1761 847 1826 Pon.
875 1762 912 1826 fr.
935 1763 994 1827 inc.
1022 1767 1059 1827 11
1084 1761 1215 1826 Vahlen.
1243 1778 1274 1840 p.
1300 1764 1355 1823 20:

197 1861 287 1934 Apud
310 1859 483 1933 emporium.
528 1856 626 1922 Naev.
643 1857 856 1923 Carbonaria:
878 1865 944 1922 Tibi
967 1864 1046 1922 servi
1068 1863 1153 1922 multi
1175 1861 1256 1934 apad
1276 1876 1357 1919 1000-

199 1961 395 2016 1101111101
440 1953 535 2017 Ennii
555 1953 813 2035 hedupbagetiea
836 1957 980 2034 (Vahlen.
1003 1977 1034 2038 p.
1060 1962 1129 2035 166,
1152 1975 1180 2019 v.
1206 1958 1253 2032 3):
1276 1958 1357 2032 apud

201 2053 393 2114 Obaradram
410 2050 671 2131 Ambraciamque.
716 2052 817 2118 Pleut.
834 2056 927 2121 Most.
943 2075 972 2120 r.
989 2060 1066 2121 935:
1089 2057 1161 2132 qnid
1182 2058 1278 2117 illisce
1302 2057 1356 2116 ho-

198 2151 294 2210 minos
318 2157 466 2225 quaerunt
488 2157 561 2224 apat
582 2153 664 2212 aedos
686 2155 787 2214 meas?
830 2153 919 2218 Pers.
943 2156 1086 2234 1,1,22:
1109 2157 1280 2216 Plusculum
1303 2173 1356 2215 an-

197 2263 268 2306 num
290 2248 348 2307 Fui
369 2247 585 2324 praeferretur,
611 2256 686 2324 apat
705 2254 799 2313 malas
820 2256 956 2315 tribunus
980 2256 1139 2328 repuleris.
1177 2250 1220 2328 II,
1245 2255 1273 2328 2,
1298 2256 1355 2315 21;

198 2351 271 2419 aput
293 2345 370 2405 bane
394 2346 519 2406 0110001.
564 2346 712 2412 Ruddim.
736 2366 767 2428 p.
788 2354 866 2429 282,
897 2350 1002 2415 adnot.
1028 2355 1068 2415 33
1091 2345 1187 2412 affert
1214 2348 1306 2427 Epid.
1330 2348 1356 2427 Ι,

201 2445 229 2517 1,
254 2443 304 2518 51,
327 2439 383 2504 ubi
406 2445 487 2517 apae
509 2446 638 2514 Thebas,
668 2451 705 2509 ut
727 2447 864 2512 Ursinus
885 2447 992 2526 docet,
1019 2464 1077 2527 pro
1102 2449 1210 2508 Thebis
1236 2446 1357 2510 dietum

197 2538 256 2599 est.
302 2535 429 2601 Terent.
458 2539 557 2602 Andr.
580 2540 623 2616 ΙΙ,
650 2547 677 2620 1,
705 2548 739 2607 2;
776 2547 869 2621 Apta
895 2547 995 2620 foram
1024 2547 1111 2607 modo
1141 2564 1157 2606 e
1185 2548 1270 2606 Davo
1304 2563 1354 2605 au-

199 2633 274 2708 divi,
310 2631 340 2698 h.
364 2652 390 2698 e.
413 2635 447 2698 in
467 2633 547 2702 foro.
592 2638 727 2721 Adelph.
750 2641 776 2721 Ι,
801 2648 830 2723 2,
855 2649 909 2708 74:
943 2648 1090 2706 bominem
1119 2644 1295 2715 convenire,
1331 2645 1356 2704 si

198 2731 437 2805 “Ptdsorumtt
482 2732 542 2812 ΠΙ,
567 2739 596 2812 5,
619 2741 653 2800 2;
678 2741 743 2814 Ego
766 2743 940 2818 Micionem,
965 2745 991 2803 si
1014 2743 1095 2816 apae
1116 2741 1253 2814 serumst,
1279 2740 1354 2799 Ooo-

197 2831 323 2890 veniam.
367 2828 422 2906 IV,
449 2835 475 2906 l,
501 2830 810 2906 halmericurte.

288 2925 413 2988 &irritor
441 2931 475 2990 01
502 2925 634 2993 deloco
661 2934 694 2994 et
723 2931 763 2996 de
790 2939 938 3014 tempore
966 2934 1090 2999 dicitur.
1137 2934 1188 2999 Sic
1215 2933 1255 2997 de
1285 2931 1355 2996 loco

200 3019 303 3084 Plane.
328 3019 406 3086 cist.
429 3022 484 3102 lv,
507 3028 537 3104 2,
560 3029 593 3088 8:
618 3029 701 3089 Loca
725 3031 841 3092 circitor
864 3036 976 3094 excidit
999 3037 1070 3094 baec
1092 3037 1131 3094 mi
1162 3031 1221 3112 (sic
1245 3030 1356 3095 scribit

197 3115 392 3183 Ritsehelius
414 3120 588 3202 prolegom.
612 3122 653 3188 ad
677 3124 761 3188 Trin.
784 3145 814 3207 p.
840 3130 924 3208 177),
948 3130 987 3193 de
1010 3135 1155 3212 tempore
1178 3128 1272 3193 Most.
1294 3127 1355 3206 ΙΙΙ,

200 3217 229 3292 Ι,
254 3217 308 3278 52;
332 3218 441 3280 Redito
463 3222 520 3281 bue
543 3222 661 3282 circiter
679 3225 842 3288 meridiem.

286 3312 405 3374 Otrcam
434 3314 570 3381 deloco
600 3317 726 3384 dicitur.
772 3319 852 3386 Cato
880 3322 917 3386 R.
946 3323 982 3388 R.
1011 3343 1035 3390 e.
1061 3330 1094 3389 5:
1132 3327 1252 3387 Oircam
1277 3325 1356 3384 otras

199 3412 396 3472 autumnitate
420 3415 607 3490 ablaqueato.
654 3415 687 3480 G.
712 3421 765 3482 36:
790 3425 948 3483 Amnroam
973 3443 1095 3500 spargas
1118 3426 1166 3486 vel
1187 3425 1293 3498 irriges
1316 3421 1356 3481 ad

198 3505 338 3581 arbores,
365 3510 477 3570 ciream
498 3513 597 3585 capita
618 3517 736 3578 maiora
758 3522 916 3595 amphoras
938 3553 982 3564 -
1004 3523 1115 3582 addito.
1162 3518 1195 3583 O.
1220 3523 1253 3580 6:
1289 3517 1356 3578 Otr-

196 3617 265 3662 cam
286 3618 411 3665 aoroaae
432 3613 464 3666 01
485 3609 681 3674 1110100οἰ00
702 3618 797 3678 ulmos
821 3620 921 3681 serito.
965 3617 1027 3681 Ib.:
1058 3621 1186 3680 Salicem
1209 3619 1356 3677 Graecam

194 3696 310 3758 ciream
331 3702 543 3766 arundinetum
563 3711 662 3771 serito.
707 3709 802 3775 Ennii
830 3713 933 3777 annal.
962 3712 983 3776 l.
1006 3713 1066 3793 ΙΙΙ,
1093 3713 1132 3779 fr.
1161 3719 1196 3778 5:
1236 3715 1356 3775 Oircam

196 3800 247 3855 aaa
263 3813 338 3870 quae
355 3805 424 3858 sunt
437 3817 561 3878 magnae
574 3815 678 3880 gentes
690 3814 851 3884 opulentae
868 3813 1164 3886 (sos=eosFestus
1180 3830 1210 3893 p.
1219 3810 1355 3886 301M.).

194 3890 419 3998 Andromedae
437 3892 476 3960 ir.
496 3902 548 3962 10:
573 3905 685 3965 circum
707 3924 782 3969 sese.
827 3905 986 3990 Exempla
1002 3928 1040 3974 ex
1060 3909 1174 3975 Plauto
1187 3914 1221 3974 et
1236 3909 1356 3974 Teren·

197 3989 243 4049 tro
265 3987 434 4071 desumpta
455 3993 527 4059 vide
549 3999 636 4078 apud
657 4001 827 4068 Handium.
851 4037 893 4048 -
915 4005 964 4069 Ex
986 4010 1067 4069 cirea
1089 4012 1122 4072 01
1143 4011 1254 4069 cacam
1280 4025 1355 4071 con·

196 4080 338 4152 iunctum
362 4095 412 4154 est
434 4093 618 4160 adverbium
639 4099 840 4165 0100010100.
878 4101 1010 4183 Sergius
1025 4106 1057 4168 in
1074 4107 1188 4170 Donat.
1212 4122 1241 4185 p.
1259 4107 1352 4184 1855,

197 4179 245 4244 ed.
268 4180 410 4251 Putscb:
439 4188 542 4270 „Nam
564 4196 599 4256 et
620 4196 892 4276 praepositionem
914 4201 1148 4282 praepositioni
1168 4203 1214 4269 sic
1238 4200 1355 4268 cobae-
