3004 4764
408 261 434 300 V.
461 258 632 302 Promotum
646 217 820 302 lunarium
833 257 871 300 ET
885 257 1062 298 uuumuabln.
1247 268 1310 330 405

20 473 35 514 ς
159 433 220 496 irni
240 437 322 500 licet.
360 434 455 502 Ennii
475 436 579 504 annal.
600 436 621 501 l.
643 440 682 517 ΙΙ,
702 433 742 504 ir.
768 439 800 500 1:
837 434 921 513 Quod
934 434 1055 509 quiaque
1069 434 1171 510 gessit.
1208 431 1311 516 Thye-

23 551 36 616 ζ
159 529 218 596 stis
245 529 283 596 ir.
309 536 361 598 10:
384 553 469 610 quem
490 539 612 613 quisque
633 537 705 606 odit,
726 535 853 612 periisse
876 532 1000 610 expetit.
1045 527 1149 596 Plaut
1193 529 1308 600 Pseud.

19 673 40 717 Γ,
157 626 218 709 ΙΙΙ,
245 634 280 711 2,
311 636 363 696 17:
400 637 448 697 vix
473 635 610 697 derum
632 635 800 710 quisquest,
830 631 953 708 qai...
997 626 1308 709 Men.111,2,oo:

18 769 41 818 ε
159 727 257 805 satin',
278 735 314 792 ut
334 749 474 806 quousque
489 735 663 810 conspicor,
677 734 731 794 lta
746 749 792 792 me
807 727 981 792 ludificant?
1024 723 1115 806 uapu
1131 725 1185 806 IV,
1202 731 1231 807 2,
1250 733 1306 793 17:

157 833 219 888 tum
243 846 322 906 genu
343 835 378 892 ut
397 847 538 906 quemque
559 832 650 902 icero,
673 831 712 891 ad
733 835 843 890 terram
866 827 950 888 (labo.
994 822 1109 890 Bacch.
1132 822 1171 905 V,
1196 829 1227 905 1,
1253 830 1307 890 ll:

22 974 27 985 .
157 927 312 1004 omniaque
348 934 382 991 ut
417 930 539 1004 quicque
574 933 702 990 actumst
739 927 922 988 memoravit.
966 919 1079 1003 Amph.
1109 921 1157 1002 11,
1187 926 1219 1002 1,
1248 928 1306 992 49:

154 1023 265 1086 Ordine
304 1031 416 1102 omnia,
448 1032 483 1088 ut
503 1028 626 1102 quicque
646 1032 775 1088 actumst
796 1057 839 1068 -
861 1023 1070 1086 Edissertarit.
1114 1019 1157 1101 V,
1190 1027 1222 1101 l,
1256 1028 1305 1088 ll:

21 1108 39 1213 A:
156 1121 216 1183 uba·
237 1126 359 1199 qaiaqrue
379 1127 544 1200 institerat,
580 1127 709 1186 concidit
732 1127 858 1200 crepitu.
902 1119 996 1185 True.
1018 1118 1066 1199 Π,
1105 1124 1138 1199 Ι,
1161 1123 1217 1185 4οε
1253 1124 1306 1184 ebs

16 1206 39 1297 J,
153 1233 297 1296 quomque
326 1231 492 1284 nostrarum
522 1225 602 1286 videt
629 1241 722 1300 prope
750 1223 842 1284 aedis.
887 1217 1004 1284 Atilius
1031 1216 1068 1281 ir.
1097 1215 1156 1284 inc.
1184 1217 1246 1284 iob.
1273 1224 1304 1296 l:

16 1308 37 1387 ζ’.
152 1316 246 1379 &aaa
272 1322 375 1396 cuique
402 1339 555 1398 sponsam,
584 1322 656 1382 mibi
684 1339 795 1382 meam:
829 1338 916 1382 suum
937 1317 1040 1394 cuique
1062 1335 1208 1394 amorem,
1232 1320 1304 1380 milri

151 1433 255 1478 meum.
307 1421 435 1497 Quisque
461 1416 556 1484 etiam
592 1419 632 1484 de
660 1417 809 1484 feminino
842 1415 974 1494 dieitur,
1012 1413 1057 1479 sic
1079 1413 1181 1480 Plaut.
1204 1413 1302 1480 Poen.

18 1504 35 1588 ’ς
152 1512 233 1592 prol·
262 1533 291 1579 v.
319 1519 396 1580 107:
434 1520 538 1581 Omnis
559 1519 751 1592 meretrices,
782 1517 832 1578 ubi
854 1518 975 1590 quisque
997 1516 1148 1588 habitant,
1179 1515 1302 1590 invenit,
1394 1521 1403 1550 ⁰

13 1602 35 1683 ’,Ῐ
149 1608 227 1675 item
254 1611 340 1693 loco,
371 1629 464 1693 quem
486 1614 712 1680 Fleckeisenns
734 1611 829 1679 affert
849 1610 948 1693 prael.
971 1612 1003 1675 in
1025 1609 1173 1675 Plautum
1195 1628 1225 1691 p.
1250 1615 1300 1692 27,

21 1698 33 1778 'J
148 1707 263 1774 Pseud.
285 1709 311 1789 Ι,
335 1715 364 1792 2,
388 1717 443 1778 52:
471 1722 503 1775 ut
526 1733 579 1777 suo
602 1719 741 1790 quemque
762 1715 910 1790 appellem
933 1713 1058 1774 nomine.
1095 1710 1144 1775 De
1166 1707 1304 1776 formula

18 1802 31 1885 ζ
143 1825 201 1882 pro
222 1827 252 1870 se
273 1811 394 1884 quasque
421 1809 550 1876 disserit
573 1811 698 1877 Emesa.
723 1809 796 1892 Syn.
818 1808 877 1888 lll,
900 1827 930 1889 p.
958 1815 1026 1874 134.
1049 1806 1204 1887 Exempla
1225 1813 1303 1874 sunt

12 1898 30 1980 f'
145 1903 259 1985 Amph.
284 1905 313 1985 Ι,
339 1912 370 1987 l,
395 1912 448 1972 76:
492 1910 553 1971 Pro
574 1929 604 1973 se
625 1912 746 1984 quisque
768 1911 798 1970 id
820 1909 898 1986 qnod
922 1910 1045 1984 quisque
1068 1904 1125 1984 [et]
1148 1912 1302 1982 potestat

11 1987 29 2081 'j
144 2007 224 2064 valet
260 2007 340 2067 Edit.
385 2004 513 2072 Terent
536 2007 651 2074 Heant.
682 2006 713 2078 Ι,
752 2011 783 2085 l,
821 2011 875 2069 74:
922 2008 980 2066 Pro
1001 2024 1032 2067 se
1053 2006 1175 2080 queisque
1197 2006 1301 2066 sedulo

11 2091 29 2118 ι’
143 2103 319 2178 Faciebunt,
343 2123 400 2181 quo
423 2108 503 2167 illam
519 2108 590 2166 mibi
605 2109 737 2168 lenirent
751 2107 909 2168 miseriem.
932 2102 1036 2184 Saepe
1050 2101 1136 2182 apud
1150 2100 1300 2166 Plautum

17 2185 29 2230 '⁴³
142 2195 203 2263 hoe
233 2217 404 2280 pronomen
428 2200 689 2284 significationem
710 2201 808 2268 habet
828 2219 918 2282 pron.
942 2204 1113 2276 quieuuque.
1158 2196 1210 2264 Sic
1232 2197 1299 2264 Mil.

9 2286 14 2318 ‘
144 2294 187 2374 ll,
211 2301 240 2375 2,
266 2303 299 2362 1:
335 2303 374 2362 Ni
397 2303 498 2364 hercle
521 2302 711 2380 defregeritis
735 2305 812 2364 talos
835 2303 970 2379 posthac,
993 2316 1132 2373 quemque
1145 2299 1176 2358 in
1191 2301 1298 2374 tegnlis

144 2395 287 2458 videritis
310 2400 447 2473 alienum,
471 2417 525 2475 ego
548 2409 648 2461 vostra
670 2400 778 2461 faciam
800 2403 897 2461 latera
918 2402 1011 2459 lorea.
1035 2415 1064 2460 v.
1089 2400 1122 2459 5:
1151 2398 1299 2474 Quosque

146 2508 165 2550 a
197 2493 293 2554 milite
327 2496 383 2556 hoo
416 2497 550 2556 videritis
583 2499 729 2559 hominem
763 2500 794 2558 in
826 2500 937 2560 nostris
959 2497 1075 2571 tegulis.
1120 2491 1162 2573 ΙΙ,
1186 2497 1215 2572 5,
1238 2497 1295 2558 50:

8 2611 9 2614 ¹
141 2604 283 2662 quemque
303 2593 352 2652 hic
374 2593 454 2654 intua
475 2595 576 2655 videro
592 2596 664 2655 (lom
686 2596 903 2658 Philocomasio
925 2596 1138 2667 associantem,
1159 2611 1225 2654 enm
1240 2610 1297 2670 ego

10 2716 14 2730 ·
142 2689 334 2762 optruncabo.
379 2687 438 2768 lV,
468 2694 501 2768 9,
533 2695 587 2754 14:
632 2694 689 2766 Qui
720 2695 813 2756 omnis
842 2712 874 2756 se
904 2710 1004 2754 amare
1027 2692 1137 2768 credit,
1166 2707 1297 2764 quaeqae

141 2788 301 2859 aspexerit.
346 2786 433 2850 Asin.
456 2786 498 2866 II,
523 2793 551 2858 3,
574 2793 628 2854 24:
665 2793 793 2869 Quisque
815 2794 931 2854 obviam
945 2793 1013 2852 huic
1029 2791 1193 2852 occesserit
1207 2791 1293 2864 irato,

11 2908 14 2918 ·
140 2884 300 2957 vapulabit.
346 2882 445 2949 Recte
475 2893 701 2953 commemorat
721 2889 956 2954 Lindemannus
977 2887 1018 2952 ad
1038 2885 1104 2951 Mil
1126 2885 1174 2966 ll,
1205 2890 1294 2967 2,1,

9 2990 15 3071 j
139 2995 235 3059 saepe
259 2980 304 3046 sic
326 2979 387 3047 dici
409 2982 505 3048 etiam
527 2987 700 3061 qmudoque
720 3005 779 3069 pro
801 2989 1038 3064 quandocunque.
1098 3003 1100 3008 ·

225 3081 275 3141 39.
303 3081 441 3157 Quilubet
467 3086 500 3146 ct
526 3087 623 3158 quiuis
650 3102 667 3149 e
697 3085 801 3150 verbis
825 3088 923 3148 tubere
944 3088 979 3150 et
995 3086 1068 3146 uelle
1090 3086 1124 3146 et
1144 3085 1196 3158 quc·
1218 3097 1293 3161 pro-

8 3157 12 3278 f
135 3174 261 3238 nomine
284 3177 416 3242 relativo
437 3185 582 3247 constare
598 3187 708 3247 notum
724 3187 782 3248 est.
806 3182 999 3249 Schmidtius
1014 3199 1044 3262 p.
1062 3184 1115 3245 59:
1139 3179 1291 3261 „Utrum-

8 3291 9 3294 ’
138 3287 200 3352 que
222 3289 395 3353 pronomen
415 3279 544 3360 proprie
560 3280 623 3345 duo
639 3285 732 3345 erant
746 3282 854 3360 verba,
877 3298 940 3345 non
955 3281 987 3343 in
1003 3297 1099 3344 unum
1116 3278 1284 3344 coniuncta

138 3403 181 3414 -
205 3367 267 3435 Sed
289 3372 389 3438 multo
412 3392 472 3442 usu
493 3376 573 3444 haee
594 3378 692 3444 verba
714 3379 864 3444 inunum
887 3377 1084 3457 coaluerunt,
1106 3381 1144 3440 ut
1154 3393 1212 3456 pro
1224 3393 1292 3442 uno

137 3473 171 3534 et
190 3467 385 3536 haberentur
407 3477 441 3537 ct
461 3475 753 3542 construerentur.“
784 3475 863 3542 (lato
886 3476 923 3541 R.
951 3475 987 3539 R.
1011 3492 1037 3541 c.
1061 3483 1095 3542 3:
1115 3479 1163 3539 Ex
1185 3477 1292 3552 quom

137 3572 204 3631 olea
236 3573 332 3632 oleum
355 3573 478 3636 viridius
500 3583 532 3636 et
552 3578 660 3638 bonnm
682 3576 749 3638 fieri
770 3582 886 3655 potest,
910 3577 935 3637 si
957 3577 1084 3651 tempori
1106 3573 1209 3638 iacias.
1255 3570 1289 3638 O.

136 3665 168 3728 6:
199 3668 345 3731 Caeteros
358 3673 444 3747 vites,
467 3675 618 3736 miscellae
634 3677 769 3751 maxime,
792 3677 823 3736 in
838 3674 968 3748 quemuis
983 3691 1085 3749 agrum
1100 3674 1288 3736 conveniunt

135 3758 237 3828 Plane.
265 3765 345 3832 Rud.
372 3765 437 3847 ΙΙΙ,
465 3774 499 3848 4,
528 3773 582 3835 51:
619 3775 659 3834 Ni
681 3776 739 3834 crit
760 3781 820 3835 tam
844 3776 1007 3846 sincerum,
1037 3777 1070 3832 ut
1092 3776 1189 3847 quiuis
1208 3773 1289 3838 dicat

135 3866 336 3935 ampullarius.
375 3863 488 3946 Amph.
511 3866 554 3944 ll,
577 3873 607 3947 2,
630 3873 684 3934 76:
721 3871 846 3950 quiduis
867 3889 948 3948 roga.
985 3869 1072 3934 Asin.
1095 3869 1155 3950 Ill,
1179 3877 1208 3952 3,
1230 3875 1287 3937 sl:

133 3956 256 4033 Quidvis
282 3970 399 4037 egestae
426 3965 552 4041 inperat.
596 3967 679 4032 Men.
702 3967 749 4048 Il,
773 3973 805 4047 3,
831 3974 884 4033 71:
918 3971 1034 4046 impera
1054 3969 1170 4043 quiduis
1190 3971 1287 4034 modo.

124 4051 226 4118 .Tnuo.
249 4055 308 4136 ΙΙΙ,
332 4063 360 4138 2,
383 4063 417 4126 8:
453 4065 522 4139 Die,
544 4067 658 4142 impera
679 4069 751 4128 mihi
774 4069 890 4142 quiduis
914 4069 1061 4142 etquooa'a
1080 4069 1175 4130 modo.
1213 4065 1285 4134 Cas.

132 4149 188 4230 IV,
213 4155 246 4231 2,
274 4159 324 4219 15:
359 4161 460 4221 Iamne
483 4163 557 4223 abiit
578 4164 688 4225 illaec?
718 4168 819 4228 dicere
842 4169 891 4229 hie
914 4167 985 4241 quid
1005 4164 1050 4226 uia
1071 4171 1145 4232 licat
1167 4169 1230 4247 (Ap
1253 4170 1286 4230 et

132 4247 253 4316 Parens
274 4251 307 4316 in
329 4253 378 4318 ed.
400 4255 504 4322 altera
526 4261 666 4332 quodvis,
687 4261 744 4328 sed
766 4281 795 4329 v.
816 4262 1011 4332 Fleckeisen.
1035 4285 1136 4334 exerc.
1180 4265 1283 4333 Plant.
