3040 4758
242 269 300 332 vm
715 251 888 292 theaeteto.

228 405 333 478 77171
369 404 597 473 7077771777.
620 405 690 472 977.
713 409 756 488 ΙΙ,
780 417 809 489 5,
832 417 872 478 29
893 429 923 493 p.
948 416 1008 478 306
1024 409 1218 478 7117177707
1234 415 1374 495 pertinet

224 517 303 590 hac,
332 515 389 580 sed
410 515 451 580 ad
474 515 616 582 dativum
637 518 697 584 loci
718 537 749 601 p.
772 526 834 586 313
857 527 937 588 extr.
980 521 1189 604 7171717777.
1213 525 1373 592 2137771717

220 625 402 705 exemplum
424 625 549 695 Terent
594 628 692 694 Andr.
715 628 745 710 Ι,
769 637 803 710 5,
827 635 882 696 327
918 635 1082 696 Nouatum
1104 640 1132 695 17
1154 643 1208 698 ost
1251 633 1373 708 Locum

221 735 316 800 7777
345 735 376 812 Ι,
410 741 444 811 1,
475 741 516 801 37
545 755 576 818 p.
608 743 668 803 236
699 745 874 820 transpone
895 742 936 807 od
957 759 987 823 p.
1011 747 1073 810 276
1094 748 1127 810 71
1147 759 1230 825 pone
1251 763 1311 826 pro
1332 763 1373 812 co

222 845 340 910 Bacch.
364 865 393 911 7.
416 852 478 912 375
501 864 565 928 sq.:
596 854 738 914 71071777
753 858 880 927 77717777,
901 856 1080 928 Pistoclere,
1110 861 1163 916 tao
1182 859 1373 932 1170177771

223 958 336 1018 77777
350 955 410 1019 ‘aa
431 959 638 1025 7777777777
659 993 701 1006 -
722 979 752 1042 p.
776 965 838 1027 777
860 961 927 1026 init.
950 961 1031 1028 7777
1052 963 1167 1030 Bacca
1190 963 1245 1046 IV,
1265 973 1296 1047 4,
1313 974 1371 1034 aa:

223 1067 402 1132 Bacchidem
426 1099 467 1112 ·—··
490 1075 665 1149 suspicabar
686 1105 730 1116 --
751 1075 832 1133 Male
854 1075 897 1132 mi
918 1075 1104 1136 7077737377.
1126 1107 1170 1120 -
1193 1073 1242 1147 Ad
1261 1095 1291 1158 p.
1308 1083 1370 1148 302

223 1187 304 1254 771717
326 1187 440 1254 Bacch.
463 1201 491 1247 v.
518 1186 580 1246 634
602 1198 648 1260 aq.
671 1215 715 1226 —
734 1181 897 1262 Exemplis
910 1201 941 1263 p.
959 1187 1020 1248 304
1035 1183 1141 1250 allatis
1156 1185 1238 1252 adde
1251 1187 1369 1254 Bacch.

223 1314 252 1364 7.
274 1302 355 1364 tlt:
390 1300 547 1372 Paulisper
569 1325 611 1336 -
633 1273 803 1356 7711771710
826 1296 936 1356 homini
957 1313 1010 1356 auo
1032 1298 1130 1356 outmo
1152 1301 1271 1372 opacum
1292 1303 1369 1362 etv.

219 1413 300 1474 tte:
335 1409 500 1484 Opeopueus
523 1403 729 1478 oboediensque
743 1407 820 1464 mort
833 1412 922 1481 atque
943 1406 1068 1481 capereto
1082 1409 1186 1484 patris.
1200 1439 1244 1452 -
1257 1423 1288 1487 p.
1307 1413 1370 1472 3115

221 1519 304 1584 071717
319 1517 433 1584 Bacch.
457 1535 486 1581 v.
510 1517 588 1580 387:
625 1517 693 1576 Nisi
714 1517 786 1576 deos
807 1517 836 1575 71
856 1518 899 1578 711
909 1523 1074 1590 motatore.
1096 1551 1139 1562 -
1161 1515 1372 1597 Adexempha

217 1629 353 1710 genitivi
374 1626 536 1708 qualitatis
556 1643 587 1705 p.
612 1628 683 1702 334,
707 1622 733 1704 6.
759 1629 799 1688 73
821 1623 903 1690 adde
922 1625 1036 1692 Bacch.
1059 1625 1119 1707 ΠΙ,
1143 1631 1245 1703 2,16;
1281 1629 1370 1690 Sisna
1408 1697 1411 1704 ,

214 1757 312 1802 necne
330 1747 364 1800 at
379 1755 444 1800 esse
460 1743 592 1813 oportet:
608 1739 712 1808 malus,
728 1735 823 1796 bonus
838 1737 976 1810 7770177701
989 1739 1076 1801 770711.
1092 1771 1134 1782 -
1147 1755 1177 1817 p,
1191 1742 1368 1802 337310111.

219 1847 280 1929 plis
295 1846 535 1928 participiorum
550 1861 621 1910 oum
637 1843 777 1925 genitivo
792 1843 1241 1911 coniunctommadchacoh.
1251 1865 1280 1911 v.
1290 1851 1367 1925 6513

214 1977 309 2037 egens
332 1961 446 2020 consili.
469 1989 511 1998 —
533 1973 562 2036 p.
587 1959 647 2019 367
672 1953 698 2035 ᾗ.
721 1959 759 2017 17
775 1953 855 2018 adde
869 1953 985 2019 Bacch.
1000 1971 1028 2018 v.
1045 1959 1122 2020 397:
1157 1959 1369 2018 1777717767-
1502 2005 1503 2026 ,

217 2075 291 2134 hunt
305 2071 390 2132 boni:
414 2070 491 2129 777777
506 2070 595 2128 etiam
611 2068 670 2141 ipsi
686 2069 847 2141 culpabunt
862 2067 940 2140 nali,
958 2069 992 2128 et
1006 2063 1123 2129 Phorm
1137 2063 1181 2144 ΙΙ,
1200 2069 1227 2143 1,
1244 2069 1292 2130 36.
1316 2063 1365 2128 Ad
1502 2075 1503 2122 f

218 2197 248 2261 p.
273 2183 335 2244 370
358 2177 385 2260 §-
411 2182 448 2241 19
465 2176 545 2240 adde
560 2173 687 2238 Phorm.
703 2173 728 2252 Ι,
745 2179 774 2252 2,
792 2177 832 2237 53
847 2177 930 2235 haec.
949 2205 987 2220 -
1006 2191 1037 2253 p.
1054 2179 1113 2238 371
1132 2159 1294 2254 exemplis,
1310 2174 1366 2241 ubi
1502 2161 1503 2238 ἶ

214 2291 288 2355 totto
310 2303 369 2368 pro
388 2285 572 2367 pronomine
587 2284 747 2348 secundae
761 2299 918 2363 personae
933 2287 993 2359 771,
1016 2282 1097 2347 771717
1111 2283 1226 2348 Bacch.
1243 2303 1271 2348 v.
1288 2291 1364 2350 411:
1416 2307 1420 2318 ·
1502 2279 1503 2326 ³

210 2403 308 2462 771777
322 2398 489 2460 adsentatio
502 2396 617 2470 atae,
633 2391 783 2472 71Η77.Ι,
799 2397 826 2471 1,
842 2399 882 2456 74
890 2408 936 2472 sq.
946 2425 984 2436 -
995 2391 1044 2456 Ad
1054 2410 1083 2472 p.
1094 2397 1154 2458 398
1168 2393 1249 2459 addo
1259 2399 1368 2470 aliquis

218 2507 313 2572 ctiam
335 2521 392 2586 pro
414 2504 571 2568 adiectivo
594 2519 664 2566 esse
686 2520 790 2582 posse,
813 2505 849 2566 71
871 2501 984 2568 Bacch.
1008 2522 1037 2568 7.
1054 2505 1132 2569 6387
1154 2508 1297 2582 respiciat
1313 2526 1367 2568 nos

217 2619 327 2692 cepoe
355 2618 433 2678 deuo.
464 2647 508 2658 -·-
537 2612 587 2676 Ad
615 2629 790 2692 pronomen
817 2615 919 2675 7771777
946 2614 1031 2692 quod
1061 2613 1176 2679 attinet
1206 2616 1248 2692 (p.
1279 2619 1366 2694 409),

219 2727 321 2803 omisi,
344 2743 416 2791 esse
437 2724 516 2788 illed
539 2740 633 2803 posse
656 2727 690 2786 et
711 2740 769 2802 pro
792 2723 1000 2803 substantivo,
1024 2723 1364 2804 utAmph.I,1,136,

218 2836 332 2903 Bacch.
354 2853 383 2901 v.
411 2839 485 2899 190:
523 2838 582 2910 0771
604 2837 681 2896 77177
704 2835 846 2910 possum?
869 2831 934 2897 CH.
957 2836 1068 2896 Nullae
1088 2838 1165 2910 plue,
1187 2833 1228 2898 ib.
1244 2852 1273 2898 v.
1290 2838 1365 2899 336:

214 2951 337 3012 77717771
358 2947 473 3023 Ephesi
495 2949 565 3023 quin
589 2948 675 3020 sciat,
697 2943 738 3008 ib.
762 2960 790 3011 v.
808 2948 880 3021 542,
903 2948 937 3006 et
953 2960 1011 3022 pro
1026 2942 1190 3023 7711701170,
1212 2949 1249 3008 71
1264 2944 1367 3009 tribus

223 3057 377 3137 exemplis
399 3055 484 3136 apud
500 3053 662 3132 (17107777,
685 3069 767 3132 quac
789 3051 861 3116 vide
884 3057 1013 3116 enotata
1034 3052 1066 3115 in
1082 3053 1144 3116 1771.
1163 3053 1210 3118 771.
1226 3052 1366 3134 10771771,

219 3166 333 3232 deinde
367 3166 452 3245 apud
484 3164 620 3228 Ennium
654 3179 793 3242 semper,
829 3161 915 3242 apud
948 3161 1049 3226 Plaut.
1086 3161 1199 3228 Bacch.
1229 3181 1257 3227 v.
1289 3167 1368 3228 622:

211 3277 507 3348 771777711077,
537 3272 577 3338 ib.
601 3291 629 3336 7.
655 3276 734 3342 303,
764 3271 860 3336 Stich.
885 3271 928 3350 V,
954 3277 991 3351 4,
1022 3271 1235 3353 33117711,
1259 3277 1293 3352 2,
1317 3278 1368 3354 56,

215 3387 307 3452 ¹Pers.
330 3383 388 3464 III,
414 3390 441 3464 1,
459 3388 509 3449 39.
546 3380 640 3462 Apud
655 3380 797 3459 reliquos
813 3381 986 3462 scriptores
997 3382 1146 3462 scenicos,
1171 3382 1369 3465 quiquidem

218 3497 281 3562 hnc
302 3495 472 3576 pertinent,
492 3492 617 3574 vulgari
639 3489 868 3572 significatione
884 3508 1038 3570 nusquam
1052 3492 1220 3557 iuvenitur.
1245 3524 1283 3540 -
1303 3493 1367 3559 Pro

212 3605 303 3670 771317
337 3603 619 3667 7171177711017777
648 3600 809 3666 77111771.
839 3600 898 3680 IV,
928 3606 964 3671 4,
993 3605 1035 3666 90
1065 3619 1126 3668 sec.
1153 3603 1368 3669 coniecturam

219 3707 364 3795 Acidalii,
387 3731 480 3794 quarn
495 3718 624 3778 secutus
640 3716 690 3777 est
704 3711 868 3791 11701717,
885 3729 956 3776 eum
970 3713 1073 3794 Aepg
1087 3712 1226 3778 habeant
1242 3717 1368 3777 7711777.

215 3826 366 3906 Denique
378 3824 418 3889 ad
434 3823 578 3903 exernpla
593 3821 723 3886 ablativi
738 3821 871 3886 modalis
883 3839 913 3902 p.
932 3825 992 3885 176
1004 3822 1147 3888 additum
1158 3822 1252 3886 velim
1265 3823 1368 3890 Plani.

221 3935 331 4016 Amph.
353 3935 378 4013 I,
403 3940 430 4010 1,
456 3938 528 3998 16717
567 3931 751 3998 0171170770
774 3930 908 4014 quitum
929 3933 1028 3997 molo
1051 3953 1134 4011 suo,
1157 3932 1211 3996 nbi
1233 3933 1295 3998 abl.
1319 3940 1369 4000 771

215 4044 352 4112 71177137
378 4045 444 4117 (tet
472 4039 642 4126 (triolget).
685 4043 735 4108 Ex
756 4042 887 4122 libellis,
924 4043 978 4123 qui
1014 4042 1185 4123 separatim
1207 4049 1308 4124 agant
1327 4044 1369 4110 717

216 4156 354 4237 singulis
389 4155 466 4220 locis
499 4174 516 4219 e
543 4155 668 4236 syntaxi
690 4152 796 4216 Plauti
826 4157 860 4218 et
881 4151 1038 4233 Terentii,
1072 4151 1175 4218 adhuc
1199 4172 1276 4220 usas
1298 4173 1371 4221 sum

218 4266 429 4348 Kompmonni
451 4263 588 4346 egregiis
608 4262 921 4329 commentationibus
950 4261 990 4327 de
1012 4263 1280 4344 praepositionum
1303 4266 1367 4348 AB,
