3004 4764
226 243 288 300 412
649 237 774 280 rnouoru.
790 237 852 278 cnr.
866 237 905 278 vn

227 404 342 486 Ncpot.
358 423 387 488 p.
405 411 491 490 367),
514 412 541 478 si
557 413 597 479 ad
611 413 749 479 virtutes
763 411 814 478 vel
829 411 943 476 merita
955 407 1092 474 hominis
1107 412 1241 490 spectat,
1267 425 1397 489 quem·

227 503 395 568 admodum
418 509 513 573 etiam
534 509 702 576 aGraecis
723 509 863 580 τοιοῦτος
884 511 1065 589 usurpatur.
1087 505 1139 575 Sic
1151 505 1277 572 Terent.
1293 505 1390 570 Eun.

227 600 253 680 Ι,
276 606 305 680 2,
328 607 386 668 81:
408 612 551 670 ncillam
573 610 660 670 talem
681 609 847 686 praeripiat
868 611 932 682 tibi,
955 605 996 670 ad
1018 621 1047 684 q.
1071 603 1091 667 l.
1113 603 1254 669 Ruhuh:
1285 604 1328 684 ,‚i.
1355 621 1392 668 e.

225 698 492 784 manutentum,
525 710 591 770 tam
619 704 792 788 egregium.
835 704 896 769 Est
928 721 985 786 per
1013 701 1147 766 ironiam
1179 701 1389 783 capiendum.

226 799 310 860 Talia
339 799 455 866 dicitur
482 803 522 868 dc
558 803 638 883 illis,
675 802 730 883 qui
765 807 898 882 propter
931 801 1025 866 animi
1057 799 1261 879 corporisque
1294 799 1393 862 bona

226 893 320 960 laude
343 897 429 978 digni
446 904 528 965 suni.
574 899 707 981 Adelph.
721 898 780 980 111,
805 905 833 978 1,
859 904 912 964 10:
937 901 1047 968 Talem,
1069 899 1124 958 tali
1146 900 1264 975 ingenio
1286 906 1388 974 atque

226 994 355 1055 animo.“

212 1091 214 1098 ’
311 1095 360 1155 45.
404 1093 563 1170 Appmmt
585 1097 620 1156 cie
640 1097 761 1172 spatam
782 1097 992 1158 numeralium,
1034 1093 1284 1158 Eoordimaiibme
1312 1093 1389 1173 pri·
1471 1133 1472 1208 p

225 1203 311 1252 mum
341 1208 420 1252 amm
448 1193 654 1272 spectandum
678 1197 735 1257 est.
779 1191 911 1273 Proprie
938 1191 1107 1273 opponitur
1137 1190 1296 1272 pluribua
1332 1189 1388 1256 sic

223 1282 458 1368 Plautini,
478 1296 504 1370 1,
522 1294 576 1355 38:
601 1311 688 1368 quam
710 1311 747 1353 ex
769 1310 815 1352 me
838 1300 871 1352 nt
890 1310 981 1353 amam
1002 1291 1107 1366 faciam
1132 1293 1259 1352 literam.
1283 1285 1383 1367 Capi.

224 1381 283 1462 111,
312 1387 338 1464 l,
362 1389 418 1450 28:
442 1391 537 1466 Pergo
561 1391 704 1464 adalim,
728 1392 813 1451 venio
836 1392 874 1450 ad
896 1392 978 1464 aliea,
1002 1389 1109 1450 deinde
1133 1388 1170 1450 ad
1192 1389 1280 1450 alios:
1311 1404 1386 1445 mma

222 1490 295 1560 rest,
318 1481 372 1546 ubi
387 1482 650 1564 significationem
671 1504 699 1550 v.
715 1488 792 1570 mem
812 1485 912 1551 habet
932 1484 1035 1566 (Lind.
1053 1486 1093 1550 ad
1108 1484 1173 1549 Mil.
1189 1482 1233 1564 ΙΙ,
1257 1487 1285 1562 3,
1311 1485 1381 1558 32).

224 1575 400 1659 Cognatum
424 1587 474 1646 est
495 1581 724 1664 significatione
746 1603 775 1648 v.
798 1587 891 1654 solos,
926 1601 996 1648 cum
1020 1601 1081 1666 quo
1106 1583 1308 1649 coniunctum
1331 1580 1382 1646 le-

225 1677 312 1757 gitur
342 1677 469 1744 Terent.
491 1679 607 1745 Heaut.
630 1681 656 1762 Ι,
680 1686 706 1762 1,
730 1687 770 1746 77
801 1680 851 1757 (cf.
879 1677 907 1761 ξ.
929 1685 993 1758 43).
1039 1680 1247 1762 coniungitur
1276 1679 1379 1744 etiam

224 1790 296 1838 cunr
319 1779 402 1846 citer,
422 1776 518 1853 (lens.
541 1797 641 1859 purae
663 1784 697 1845 et
717 1779 859 1860 impurae
882 1779 937 1845 lat.
959 1780 1081 1845 collect.
1104 1796 1134 1861 p.
1157 1778 1214 1854 55)
1245 1776 1379 1841 Terent.

224 1872 321 1936 Andr.
345 1875 371 1953 Ι,
397 1880 423 1954 1,
446 1881 501 1940 49:
533 1879 591 1939 Sed
612 1885 767 1955 postquam
791 1897 892 1940 amans
916 1881 1043 1940 accessit
1064 1881 1192 1955 pretium
1215 1878 1376 1952 pollicens,

225 1973 309 2033 Unus
331 1974 448 2033 etitem
475 1975 558 2037 aiter.
602 1973 705 2055 Saepe
728 1980 833 2038 tamen
855 1975 903 2040 vis
925 1974 1099 2039 numeralis
1121 1972 1317 2038 deminuitur
1344 1978 1380 2037 et

223 2065 301 2130 nihil
323 2067 410 2132 aliud
434 2067 591 2149 significat
611 2071 672 2134 nisi
694 2074 829 2146 paidom,
863 2075 986 2147 aliquia,
1019 2075 1057 2136 ut
1086 2071 1187 2136 simile
1208 2070 1288 2134 adeo
1320 2069 1376 2136 fiat

220 2164 355 2228 articulo
369 2163 533 2230 indefinito
548 2168 760 2233 recentiorum
775 2169 955 2249 linguarum
968 2172 1042 2249 (qua
1056 2169 1096 2234 de
1111 2187 1145 2234 re
1159 2187 1187 2232 v.
1197 2168 1368 2232 Fuchsiun

221 2259 484 2347 tortorumque
514 2260 565 2328 her
594 2271 620 2330 7.
649 2261 885 2351 Seelenleitung
916 2267 967 2330 ber
1001 2265 1151 2349 hostiumn
1181 2262 1373 2350 iiiitoloqm

219 2359 283 2426 aab
307 2357 535 2442 &Siciminam
557 2379 587 2444 p.
610 2366 673 2442 45).
718 2365 769 2431 Sic
787 2365 890 2430 Plaut.
910 2364 1002 2445 Epid.
1025 2363 1084 2446 ΙΙΙ,
1107 2370 1137 2444 4,
1163 2370 1216 2428 17:
1239 2369 1293 2427 Pol
1317 2383 1372 2442 ego

219 2465 312 2538 magis
333 2480 426 2524 mmmm
448 2481 568 2538 quaero,
592 2481 672 2525 meas
697 2468 765 2540 quoi
787 2467 966 2542 praedicem.
1010 2461 1102 2528 Truc.
1119 2463 1161 2541 ΙΙ,
1185 2467 1212 2542 1,
1234 2468 1289 2528 39;
1314 2464 1373 2524 Sed
1472 2526 1473 2551 ¹

222 2567 269 2621 est
290 2563 358 2622 huic
385 2578 463 2622 omma
488 2577 586 2621 seruos
615 2564 861 2625 violentiarumus.
906 2560 1020 2626 Pseud.
1042 2559 1097 2640 IV,
1125 2565 1230 2640 1‚38=
1256 2563 1375 2637 Lepida
1471 2601 1472 2646 ,

215 2651 329 2718 ¹ibidem
358 2677 419 2720 mmo
449 2659 546 2720 aderit
574 2659 689 2718 molier.
731 2658 797 2722 Mil.
821 2658 845 2729 I,
870 2664 897 2739 1,
921 2664 976 2724 24:
1014 2663 1072 2722 nisi
1095 2663 1194 2722 Ummm
1226 2661 1373 2735 epityrum
1471 2689 1472 2698 κ

218 2762 301 2817 estur
331 2754 491 2832 [insanum]
513 2759 617 2816 insane
637 2757 721 2832 bene,
746 2755 783 2821 cl.
798 2756 951 2828 Lindon.
973 2758 1027 2838 qui
1048 2755 1141 2822 affert
1155 2756 1292 2822 Mostell.
1308 2755 1366 2836 ΙΠ,

212 2855 247 2930 -2,
271 2855 306 2915 2:
343 2857 451 2917 Melius
474 2875 551 2918 anno
573 2858 630 2916 hoc
652 2858 725 2916 mihi
745 2873 803 2917 non
825 2855 882 2916 init
904 2859 995 2931 domi,
1028 2859 1092 2918 Nec
1115 2859 1192 2932 quod
1219 2873 1368 2916 maceca

218 2967 263 3010 ne
286 2951 395 3013 iuverit
416 2957 523 3030 magia,
557 2979 600 3007 =
628 2969 701 3018 esca
724 2952 877 3033 quaedam
900 2971 924 3017 a
947 2969 1037 3018 escae
1068 2951 1194 3032 aliquid.
1240 2952 1366 3016 Terent.

219 3046 317 3111 Andr.
339 3046 365 3127 Ι,
392 3055 418 3129 1,
441 3053 498 3114 91:
522 3055 639 3114 interea
659 3055 739 3114 inter
761 3054 909 3125 mulieres,
934 3052 1016 3124 Quae
1044 3053 1085 3112 ibi
1113 3053 1255 3126 aderant,
1288 3051 1366 3111 forte

210 3161 311 3207 <amam
334 3151 446 3224 aspicio
469 3151 724 3215 adulescentulam.
753 3147 857 3212 Etiam
881 3145 1013 3225 pluralis
1034 3165 1063 3212 u.
1086 3167 1163 3211 umis
1185 3149 1273 3212 extat
1295 3163 1365 3211 con·

217 3242 344 3312 iunctus
375 3263 446 3311 cunr
470 3247 569 3313 subst.
592 3245 626 3310 in
647 3245 762 3328 plurali
784 3259 916 3309 numero
938 3244 1059 3324 positia
1081 3246 1136 3311 ubi
1157 3246 1268 3311 itidem
1290 3261 1365 3308 uon·

218 3359 377 3422 nunquam
399 3343 467 3408 lere
489 3344 572 3410 idem
595 3350 644 3410 est
666 3362 695 3425 q.
719 3347 805 3413 soma,
827 3342 970 3423 inprimis
992 3350 1098 3408 autern
1122 3363 1193 3410 cum
1214 3343 1264 3422 iis,
1285 3359 1365 3422 quae

218 3445 295 3506 sunl
314 3441 451 3522 pluralia
473 3445 604 3507 tantum.
649 3441 728 3507 (laio
750 3439 786 3504 Ii.
810 3440 845 3504 R.
870 3459 895 3506 o.
921 3446 974 3506 10:
1007 3445 1100 3505 molas
1123 3445 1268 3505 asinarias
1290 3459 1365 3503 amos

217 3547 248 3602 et
269 3543 422 3602 trusatlles
437 3557 521 3609 amos,
545 3543 749 3618 hispanienses
764 3557 843 3602 amos
856 3571 899 3584 --
914 3558 1062 3601 scamnum
1078 3543 1108 3602 iu
1125 3543 1261 3602 cubiculo
1277 3557 1363 3600 unum

211 3640 292 3702 ceti.
317 3636 351 3701 G.
378 3643 430 3701 11:
452 3643 546 3700 molas
569 3642 714 3701 asinarias
732 3657 817 3706 mooe,
840 3642 992 3700 trasatiles
1014 3655 1099 3700 amos.
1144 3635 1177 3700 Ο.
1197 3641 1250 3701 13:
1272 3639 1363 3698 molas

218 3753 306 3812 amas,
330 3738 459 3797 cribrum
482 3755 581 3798 unum.
626 3736 687 3800 Ib.:
710 3739 806 3797 scalas
828 3753 912 3797 amaa.
957 3732 1214 3813 Plautiani,
1238 3739 1266 3808 2,
1293 3739 1363 3799 lau:

215 3851 294 3895 nunc
320 3835 388 3895 dum
411 3853 474 3896 sum
497 3851 551 3910 ego
573 3853 648 3896 mmoa
668 3853 719 3896 sea
741 3834 811 3903 dice,
831 3833 871 3896 ad
892 3849 923 3912 q.
946 3830 966 3896 l.
989 3832 1144 3897 Lindiam:
1176 3831 1247 3912 „Sic
1270 3847 1362 3913 saepe

208 3930 300 4010 apud
323 3929 479 3996 Plautum.
525 3930 629 4009 Quum
652 3931 734 3995 enim
757 3951 834 3993 coac
856 3929 952 4012 vulgo
975 3931 1099 3996 dicatur
1120 3947 1177 4010 pro
1200 3932 1277 4001 solo,
1303 3945 1362 3993 nou

216 4029 330 4093 mirum
354 4035 413 4101 est,
436 4029 529 4096 etiarn
553 4028 710 4110 pluralem
730 4028 790 4095 hac
812 4031 934 4094 ratione
956 4027 1061 4110 poni.“
1085 4027 1236 4092 Similiter
1251 4026 1360 4094 Pseud.

214 4125 241 4206 1,
259 4132 356 4208 uhu:
378 4149 456 4192 nnnc
478 4147 556 4190 mooe
577 4133 705 4204 potaque
726 4137 914 4191 remorantur
934 4131 1039 4190 mimae.
1061 4124 1175 4190 Bacch.
1191 4124 1246 4205 IV,
1264 4132 1291 4204 7,
1307 4129 1359 4190 34:

211 4227 348 4302 vSequere
371 4230 427 4288 hac
449 4247 496 4288 me
518 4259 560 4272 -
583 4230 653 4290 Tris
672 4245 747 4290 amoc
762 4245 879 4303 possae.
925 4225 1050 4290 Terent.
1067 4224 1163 4288 Andr.
1180 4222 1235 4303 IV,
1260 4229 1287 4302 1,
1309 4227 1360 4288 id:
