3064 4754
439 268 528 310 0Δῦΰῦ
543 269 811 312 ΒῺΒΒΤΑΝΤΝΟΒΗΙ.
826 291 851 302 -
863 271 1003 313 AOCUSAT.
1240 275 1301 334 189

149 443 295 510 subiecto
324 444 433 509 statim
463 443 504 510 ab
534 443 624 509 initio
651 444 786 510 actionis
815 461 881 508 rem
909 442 1067 524 quandam
1095 442 1177 522 peti,
1207 459 1303 522 quom
1404 496 1406 500 ,

150 540 206 606 illa
236 557 271 606 sc
300 541 462 622 explicans
489 547 644 621 sequatur
672 545 706 606 et
728 541 902 606 secundum
935 557 1031 621 quarn
1058 557 1093 604 se
1121 539 1303 618 constituat,

154 644 187 703 ιι
208 637 256 704 ita
278 638 416 719 quidem,
439 643 476 703 ut
490 638 570 704 haec
588 657 640 705 res
659 639 722 704 iam
737 639 831 704 simul
851 655 923 703 cum
942 641 1059 704 natura
1073 637 1207 702 actionis
1229 637 1305 703 data

153 737 223 816 ipsa
246 754 321 816 pars
345 737 414 801 eius
442 741 578 802 naturae
608 755 679 802 esse
707 737 863 802 videatur.
909 735 1075 802 Obieatum
1104 733 1185 815 tale,
1219 737 1305 816 quod

151 834 359 899 directionem
388 834 566 914 exprimere
587 833 790 899 manifestum
813 839 877 913 est,
904 833 1086 898 accusativo
1109 835 1305 917 exprimitur,

154 931 207 1010 qui
229 931 403 1011 respondet
424 931 465 995 ad
487 932 755 1012 interrogationes
778 934 955 1007 ιιιαιιιιιιιι,
985 934 1026 991 nd
1050 952 1139 1008 qaam
1159 954 1222 995 rem
1237 955 1307 1010 per-

156 1031 284 1098 emensa
306 1033 343 1092 ut
363 1027 396 1092 in
417 1027 640 1110 locutionibus,
663 1028 773 1109 quales
796 1032 872 1094 sunt
885 1033 1012 1107 caepae
1028 1032 1070 1090 ad
1087 1034 1212 1102 aedem,
1235 1035 1309 1096 leda

152 1129 194 1188 nd
219 1127 416 1195 serenitatem,
450 1125 564 1190 deinde
586 1130 842 1202 quemadmodem,
876 1131 953 1190 lanc
982 1129 1016 1188 lo
1042 1129 1160 1190 monam
1186 1133 1220 1193 et
1246 1129 1308 1194 fre·

152 1223 264 1304 quenti
286 1241 347 1286 usu
369 1225 613 1303 praepositionis
636 1227 676 1285 od
697 1243 768 1289 cum
792 1225 946 1305 gerundio
968 1225 1164 1290 coniunctae.
1199 1226 1235 1290 In
1262 1225 1308 1291 lo-

154 1320 335 1386 cutionibus
364 1319 520 1387 similibus
543 1340 614 1387 cnm
635 1339 743 1402 praep.
759 1326 792 1382 io
807 1321 900 1387 elatis
915 1323 963 1388 vis
978 1321 1198 1402 metaphorica
1212 1325 1308 1388 etiam

154 1418 258 1499 magis
281 1421 425 1498 apparet,
448 1423 485 1482 ut
507 1418 535 1483 si
557 1419 673 1484 dicitur
691 1424 724 1481 ln
743 1439 809 1482 eom
818 1427 937 1496 portam
950 1439 1074 1496 pemmo
1088 1436 1162 1493 puae
1180 1427 1223 1481 est
1240 1439 1310 1484 eua-

155 1519 222 1576 a‘or.
268 1514 337 1590 Quo
361 1511 410 1596 tit,
445 1521 482 1580 ut
504 1516 600 1580 etiam
627 1537 735 1588 caasa,
769 1523 926 1599 quatenus
954 1517 1151 1582 voluntatem
1175 1518 1310 1582 subiecti

156 1613 333 1692 constituit,
357 1613 539 1678 accusativo
562 1614 744 1680 directionis
768 1633 838 1680 cnm
861 1618 905 1683 ob,
922 1620 1045 1690 propter
1066 1631 1212 1694 praepos.
1238 1632 1310 1679 con·

154 1711 262 1774 iuncto
285 1710 491 1791 exprimatur,
514 1712 591 1776 item
610 1715 714 1776 modae
733 1715 849 1777 natura
871 1713 1008 1777 subiecti
1028 1711 1159 1776 effectus
1183 1712 1310 1776 atinde

157 1807 189 1870 iu
212 1807 370 1872 actionem
397 1808 467 1872 eius
489 1827 524 1873 se
547 1814 748 1886 convertam,
783 1827 852 1874 eam
876 1810 1071 1874 constituens
1094 1811 1124 1874 iu
1145 1809 1312 1875 locutioni-

154 1905 225 1984 bus,
248 1905 358 1984 quales
382 1911 457 1970 sunt
475 1925 530 1982 per
551 1910 698 1977 ιιιιιιιιικ,
713 1927 771 1983 per
792 1911 977 1970 amoenam.

242 2002 388 2067 Alterum
410 2021 511 2084 genus
534 2005 723 2085 accusativi,
746 2005 947 2070 accusativus
968 2005 1214 2084 progressionis,
1247 2023 1314 2071 ma·

155 2101 239 2164 xime
262 2100 469 2180 perspicuum
490 2106 541 2166 est
562 2102 594 2165 in
617 2102 672 2178 iis,
707 2101 762 2166 ubi
785 2103 856 2182 ipse
877 2102 925 2167 vis
958 2106 991 2167 et
1013 2100 1201 2182 significatio
1223 2102 1314 2168 verbi

157 2198 316 2262 obiectum
339 2195 393 2277 dt,
428 2201 513 2279 quod
535 2200 598 2264 dici
618 2205 726 2280 potest
752 2199 911 2264 obiectum
939 2201 1118 2282 proximum
1141 2206 1174 2265 et
1196 2200 1314 2281 simpli-

156 2296 328 2374 cissimum,
351 2297 397 2362 sic
419 2301 617 2362 clarissimam
631 2315 766 2374 mnam
779 2315 927 2374 pappare,
949 2301 1058 2360 miram
1072 2302 1221 2360 somnium
1241 2317 1315 2360 soro·

156 2397 260 2463 niara,
294 2397 414 2470 lonpam
435 2399 516 2456 etan
536 2399 593 2465 irc,
623 2394 793 2473 inquibus
815 2400 921 2460 tamen
945 2413 1072 2475 semper
1092 2411 1201 2459 vocem
1224 2395 1316 2459 attri-

158 2492 318 2571 butivam,
353 2493 500 2557 etiamsi
523 2493 602 2557 nihil
624 2491 685 2556 uisi
707 2509 882 2571 pronomen
904 2493 960 2571 sit,
993 2492 1148 2558 accedere
1177 2498 1315 2572 oportet,

159 2589 309 2668 quoniam
331 2590 399 2655 sine
423 2609 461 2654 ea
489 2589 669 2670 tautologia
695 2589 857 2654 existeret.
902 2589 972 2666 Quo
1001 2587 1052 2668 fit,
1083 2594 1121 2654 ut
1149 2590 1228 2654 hacc
1255 2604 1316 2653 vox

157 2687 349 2752 attributiva
370 2689 501 2766 proprie
524 2690 649 2766 partem
674 2686 857 2765 primariam
880 2683 998 2750 efficiat
1017 2687 1143 2763 obiecti,
1167 2687 1250 2750 unde
1266 2704 1316 2750 se·

157 2785 270 2865 quitur
294 2789 330 2848 ut
350 2784 544 2861 locutiones
575 2782 686 2864 quales
709 2790 784 2847 sunt
798 2785 949 2858 pandum
969 2785 1081 2852 adae,
1110 2801 1251 2857 monam
1272 2801 1316 2844 aa

160 2901 237 2946 aare
260 2887 293 2945 et
316 2899 354 2948 ea
376 2883 517 2959 obiecta,
553 2898 635 2961 quae
656 2881 791 2946 maxime
814 2881 958 2961 generali
981 2884 1056 2944 sunt
1077 2877 1316 2960 significatione,

160 2984 198 3042 nt
219 2981 298 3040 idem
315 2981 444 3055 glorior,
477 2983 511 3041 ld
530 2981 631 3042 studeo
655 2979 764 3058 (etiam
790 2977 869 3042 illud
899 2977 1055 3042 Sallustii:
1089 2995 1165 3051 qaae
1188 2980 1318 3038 honines

162 3083 261 3146 arant,
283 3081 442 3154 mamam,
474 3076 659 3153 aedificant),
692 3082 730 3141 ut
755 3077 1021 3155 interrogativum
1049 3075 1139 3148 pald?
1173 3078 1206 3136 et
1232 3075 1318 3147 qaod,

166 3175 252 3254 quod
276 3176 307 3238 in
332 3175 583 3241 coniunctionem
607 3193 641 3240 ιι
664 3174 835 3247 convertit,
867 3171 1043 3236 certissime
1066 3170 1127 3235 huc
1150 3170 1215 3233 sint
1236 3169 1289 3233 ref
1305 3203 1319 3218 ·

164 3273 273 3336 reuda.
319 3273 388 3337 Hoc
417 3279 520 3337 toturn
558 3289 660 3353 genus
688 3269 948 3347 ,accusativorum
979 3269 1114 3333 maxime
1150 3273 1321 3348 cognatum

164 3371 232 3434 sive
254 3370 362 3450 potius
392 3370 561 3450 analogum
591 3368 725 3445 estiis,
758 3385 839 3447 quos
866 3385 965 3447 supra
995 3365 1320 3441 commemoravimus,

164 3468 218 3546 qui
242 3468 377 3548 gradum
400 3467 535 3534 actionis
558 3466 748 3546 exprimunt.
793 3466 886 3528 Actio
909 3465 941 3528 in
969 3481 1099 3544 genere,
1131 3462 1213 3540 quod
1238 3479 1321 3525 nunc

164 3571 362 3644 spectamus,
386 3570 436 3632 est
456 3564 654 3644 productiva,
678 3563 826 3642 quoniam
841 3562 1002 3627 obiectum
1019 3579 1053 3624 se
1070 3559 1247 3640 explicante
1266 3558 1322 3622 de-

166 3681 253 3726 mum
277 3663 403 3727 actione
426 3663 577 3726 nascitur.
609 3661 664 3726 Sin
686 3665 793 3724 autem
814 3677 866 3724 res
896 3660 957 3724 iam
981 3663 1055 3722 ante
1077 3657 1203 3721 initium
1225 3656 1323 3720 actio·

165 3761 216 3824 nis
239 3760 378 3836 extabat,
403 3776 484 3839 quae
507 3777 527 3824 a
549 3757 693 3824 subiecto
715 3775 779 3820 non
799 3756 941 3838 pendeus
963 3756 1026 3820 vim
1045 3757 1079 3819 in
1099 3755 1178 3819 illud
1203 3757 1323 3818 statum

167 3857 365 3923 constituens
389 3857 568 3932 exercebat,
593 3861 626 3920 ιι
651 3856 678 3920 si
700 3854 763 3918 iam
786 3854 846 3919 hoc
866 3853 1044 3919 subiectum
1067 3853 1225 3917 obiectum
1244 3850 1323 3914 illud

167 3953 405 4034 complectitur,
437 3971 500 4033 quo
523 3969 604 4033 quae
627 3953 669 4018 sit
691 3968 750 4016 sua
770 3952 852 4016 actio
875 3956 949 4015 aute
973 3950 1081 4016 oculos
1103 3953 1214 4030 ponat,
1244 3948 1324 4011 haec

167 4053 251 4116 actio
267 4051 370 4131 magis
386 4051 549 4131 receptiva
565 4055 622 4116 est.
657 4049 748 4127 Quod
764 4049 899 4114 maxime
920 4046 957 4112 fit
972 4047 1005 4112 in
1019 4048 1126 4111 verbis
1141 4044 1323 4119 affectuum,

167 4150 224 4216 ubi
246 4166 309 4225 res,
333 4166 397 4229 qua
418 4146 551 4213 affectus
575 4145 725 4224 efficitur,
749 4147 857 4226 itaque
880 4145 1013 4221 iterum,
1041 4150 1078 4208 ut
1100 4161 1198 4224 supra
1219 4143 1251 4205 in
1274 4159 1325 4205 aa·

170 4247 314 4314 cusativo
335 4245 530 4322 directionis,
554 4262 650 4310 causa
672 4245 831 4309 obiectum
851 4248 915 4319 est,
939 4247 975 4306 ut
999 4245 1082 4320 areo
1106 4239 1324 4305 casanovula,
