3004 4764
503 293 543 332 lll.
572 289 731 332 rhodomum
747 287 922 328 RELATIVUM.
1228 295 1289 354 383

141 483 268 526 manum.
291 479 320 525 v.
345 465 403 526 28:
436 466 476 525 Di
499 473 529 527 ta
551 468 714 541 eradicent,
737 467 789 539 poi
809 483 856 526 me
880 466 947 524 hinc
971 463 1118 536 cotradis,
1147 463 1229 542 ¹Syre.
1252 460 1291 541 V,

143 567 169 641 l,
193 566 249 625 24:
273 564 373 637 miror,
398 564 449 636 qut
473 565 532 624 alia
554 566 725 640 templana
750 565 836 624 scias.
861 567 890 641 3,
914 565 947 626 9:
970 563 1087 637 iniquos
1111 577 1153 634 es,
1177 561 1229 633 qai
1243 577 1289 621 me

139 667 242 722 tacere
266 660 302 719 de
324 677 358 720 re
374 667 458 721 tanta
479 665 622 735 postules.
659 658 793 740 Adelph.
816 659 842 736 l,
867 665 895 739 1,
917 664 971 723 41:
1008 661 1101 720 Errat
1122 662 1209 734 longe
1224 675 1291 718 moa

140 759 256 834 quidem
285 761 448 834 sententia,
485 760 606 836 1111-
628 761 738 835 credat,
781 755 857 822 Hac.
886 755 948 836 IV,
986 761 1015 836 1,
1052 759 1108 819 49:
1154 757 1213 816 Sed
1236 772 1290 830 ego

138 859 266 929 stultior,
289 857 363 916 meis
387 856 474 916 dictis
497 875 603 932 parere
626 860 702 918 hauc
724 857 775 930 rut
796 859 952 932 postulem.
998 853 1078 917 Eun.
1102 849 1150 931 Π,
1174 857 1206 928 3,
1232 855 1289 914 74:

139 957 163 1015 0
186 953 368 1014 fortunatum
390 955 479 1014 istum
502 956 676 1037 eunuchum,
700 956 751 1028 cat
773 956 891 1031 quidem
912 956 943 1013 in
965 956 1041 1013 hanc
1058 952 1146 1012 detur
1160 952 1290 1012 domumi

137 1050 217 1115 Eun.
249 1048 292 1127 V,
320 1055 355 1128 4,
384 1053 437 1114 22:
485 1055 508 1114 0
533 1057 692 1115 scelestum
713 1055 943 1126 Parmenonem,
974 1053 1026 1125 qut
1047 1052 1136 1111 istum
1158 1051 1216 1109 huc
1239 1049 1290 1109 ad·

138 1151 233 1209 duxit!
270 1144 404 1226 Adelph.
427 1145 476 1226 ΙΙ,
501 1153 534 1226 3,
559 1154 595 1214 9:
640 1152 698 1228 Qui
719 1151 893 1226 ignominias
917 1151 974 1210 sibi
995 1153 1064 1224 post
1085 1149 1202 1223 putavit
1224 1163 1290 1208 esse

137 1264 209 1322 prae
233 1264 298 1306 meo
321 1247 481 1308 commodo.
504 1245 548 1326 II,
570 1250 600 1326 4,
622 1253 657 1311 4:
701 1250 766 1325 Ego
785 1249 867 1308 illam
890 1249 992 1308 hercle
1015 1265 1086 1309 vero
1105 1247 1217 1318 omitto,
1241 1246 1292 1317 rat

138 1345 255 1420 quidem
283 1351 312 1403 te
342 1345 466 1404 habeam
493 1345 626 1408 fratrem.
655 1344 719 1424 III,
744 1351 777 1424 3,
804 1350 856 1410 14:
898 1347 987 1420 Mihi,
1018 1345 1121 1417 quiid
1144 1343 1291 1403 dedissem

139 1443 303 1515 consilium,
327 1443 387 1516 egit
409 1445 530 1518 gratias.
575 1441 652 1507 Hec.
675 1442 717 1517 V,
740 1447 775 1518 4,
801 1447 853 1505 12:
876 1445 962 1517 Egon
985 1444 1036 1514 qai
1059 1443 1094 1502 ab
1118 1459 1188 1501 orco
1210 1459 1289 1500 mor·

138 1548 218 1600 tuom
241 1556 286 1599 me
311 1540 450 1600 reducem
472 1543 501 1600 in
525 1545 621 1602 lucem
636 1541 746 1602 feceris
763 1543 861 1602 Sinam
879 1541 941 1601 sine
957 1557 1079 1599 munere
1096 1556 1171 1598 amc
1188 1537 1291 1598 abire?

223 1638 272 1699 23.
307 1635 336 1700 b.
373 1637 472 1699 denas
494 1639 684 1712 pronominis
713 1637 840 1700 relativi.
885 1635 956 1700 Non
978 1653 1052 1699 raro
1074 1629 1153 1696 κατὰ
1177 1627 1291 1695 σύνεσιν

139 1730 308 1796 relativum
349 1750 465 1812 genere
497 1753 560 1799 non
595 1736 625 1800 ei
658 1735 810 1800 vocabulo
845 1733 1111 1812 accommodatur,
1146 1731 1185 1794 ad
1207 1728 1291 1809 quod

135 1827 263 1909 proprie
287 1831 441 1912 pertinet,
469 1833 527 1897 sed
549 1832 579 1896 ei
602 1833 686 1913 quod
709 1832 878 1913 cogitatur.
925 1831 977 1895 Sic
999 1830 1103 1894 Plaut.
1147 1827 1241 1892 Most.
1264 1827 1290 1907 1,

138 1931 166 2005 3,
189 1932 244 1991 87:
267 1947 343 2004 quac
363 1950 418 2005 pro
440 1950 487 1992 me
510 1950 628 1992 causam
644 1933 767 2007 diceret,
790 1940 948 2007 patronum
965 1931 1098 1991 liberavi.
1143 1925 1235 2006 Epid.
1251 1924 1289 2005 V,

138 2029 169 2101 1,
194 2027 247 2088 20:
291 2029 338 2086 Ex
361 2030 419 2089 tuis
441 2031 539 2090 verbis
562 2047 658 2089 meum
680 2029 810 2089 futurum
834 2032 945 2090 corium
967 2032 1102 2104 pulcrum
1125 2027 1291 2102 praedicas,

136 2125 227 2200 Quem
249 2126 373 2199 Apelles
400 2133 488 2202 atque
512 2129 619 2188 Zeuxis
648 2128 704 2189 dno
735 2130 858 2201 pingent
887 2127 1046 2204 pigmentis
1069 2127 1182 2187 ulmeis.
1222 2119 1292 2185 Cas.

133 2218 198 2298 III,
227 2225 260 2290 4,
284 2227 317 2284 2:
363 2225 421 2300 Qui
448 2242 493 2285 me
518 2233 605 2301 atque
628 2243 750 2286 uxorem
774 2226 963 2293 ludificatust,
986 2227 1077 2285 larua.
1124 2221 1211 2284 Pera.
1233 2218 1291 2298 III,

137 2321 164 2390 1,
189 2322 245 2380 65:
291 2321 323 2380 Si
345 2323 401 2381 boo
423 2324 591 2384 adcurassis
615 2325 724 2399 lepide,
747 2325 815 2395 quot
829 2323 875 2382 rei
891 2341 1012 2398 operam
1028 2325 1139 2383 damus.
1164 2319 1290 2382 Terent.

136 2411 270 2492 Adelph.
302 2413 349 2494 ΙΙ,
381 2421 416 2495 3,
448 2424 484 2482 9:
528 2421 680 2480 Festivom
708 2427 811 2497 caput,
844 2422 902 2498 Qui
930 2421 1105 2495 ignominias
1138 2419 1194 2478 sibi
1223 2422 1294 2492 post

13 2565 19 2574 .
136 2513 252 2585 putavit
274 2530 351 2575 esse.
397 2514 493 2576 Andr.
517 2513 582 2593 III,
616 2519 708 2591 5,1:
752 2519 811 2578 Ubi
834 2521 896 2578 illic
920 2518 985 2578 est?
1023 2520 1134 2589 scelus,
1172 2516 1222 2588 qai
1244 2532 1290 2574 mo

135 2609 223 2668 hodio
241 2651 247 2667 .
265 2654 292 2670 ..
326 2608 406 2673 Eun.
430 2609 472 2690 II,
496 2615 524 2688 3,
551 2616 605 2676 11:
639 2615 680 2674 Ut
702 2616 785 2675 illum
809 2617 838 2675 di
862 2616 992 2691 deaeque
1018 2616 1131 2676 senium
1152 2613 1292 2688 perdant,

136 2707 187 2778 qui
211 2708 298 2766 hodie
319 2725 366 2768 mc
390 2719 556 2772 remoratus
579 2717 634 2774 cst.
673 2711 769 2775 Andr.
792 2710 818 2790 I,
846 2717 871 2791 1,
892 2717 946 2776 7οε
986 2715 1093 2775 Omnes
1108 2743 1151 2753 -
1166 2712 1289 2770 laudare

135 2802 270 2864 fortunas
292 2823 382 2881 meas,
405 2810 463 2885 Qui
485 2815 603 2884 gnatum
627 2811 767 2870 haberem
789 2813 844 2872 tali
865 2813 983 2886 ingenio
999 2811 1176 2885 praeditum,
1199 2805 1291 2869 cuius

135 2897 237 2962 simile
261 2906 320 2981 est,
344 2904 429 2984 qnod
451 2904 567 2969 Bernh.
592 2908 673 2988 synt.
696 2924 727 2986 p.
752 2911 814 2973 294
837 2906 947 2971 attulit
968 2925 1006 2970 ex
1029 2903 1123 2984 Soph.
1153 2903 1229 2967 0ed.
1254 2899 1288 2966 Ο.

136 2999 210 3059 730:
254 2999 305 3078 τῆς
339 3002 408 3081 ἐμῆς
434 2996 603 3077 ἐπεισόδου,
636 2995 669 3066 ὃν
694 2999 759 3087 μήτ’
789 3000 906 3066 ὀκνεῖτε.
950 3003 1082 3081 Adelph.
1106 3002 1151 3080 V,
1173 3009 1209 3080 4,
1234 3005 1288 3065 27:

137 3095 171 3154 ld
193 3113 259 3157 mea
280 3102 411 3162 minume
436 3119 468 3164 rc
491 3101 562 3177 tert,
586 3106 637 3176 qai
652 3123 716 3165 snm
737 3114 808 3165 natu
827 3122 988 3165 maxumus.
1012 3099 1187 3180 Praecipue
1204 3116 1289 3163 com·

136 3197 361 3261 memorandus
391 3202 440 3262 est
468 3217 545 3264 usus
572 3200 698 3280 generis
727 3199 889 3279 neutrius
924 3200 1008 3278 quod
1035 3200 1171 3280 primum
1200 3196 1287 3260 inde·

135 3289 223 3358 finite
246 3299 422 3376 usurpatur
443 3298 482 3361 de
506 3315 622 3378 genere
645 3297 792 3377 quopiam
822 3315 944 3373 rerum,
979 3303 1015 3360 ut
1038 3296 1116 3362 Cato
1139 3296 1175 3360 R.
1199 3294 1235 3358 R.
1260 3311 1286 3357 o.

137 3394 190 3453 16:
214 3397 358 3456 Dominus
383 3395 520 3468 lapidem,
543 3397 624 3470 dipsa
647 3397 684 3457 ad
706 3395 866 3471 fornacem,
890 3397 968 3470 qaod
981 3416 1054 3471 opus
1077 3398 1134 3457 siet
1150 3396 1285 3470 praebet,

134 3486 163 3551 h.
188 3506 214 3552 1.
239 3494 393 3568 quantum
418 3509 536 3571 eorum,
560 3489 786 3573 [1111111111.
831 3490 933 3557 Plaut.
949 3492 1041 3572 Epid.
1058 3491 1083 3572 Ι,
1107 3496 1136 3571 2,
1163 3495 1198 3555 11
1223 3506 1285 3568 sq.:

136 3589 254 3660 argenti
275 3591 347 3649 dare
371 3590 572 3664 quadraymra
593 3593 704 3659 minas,
738 3592 816 3665 qood
837 3593 972 3651 danistae
996 3592 1096 3665 detur,
1130 3590 1207 3650 unde
1230 3604 1285 3662 ego
1338 3607 1344 3615 ·

133 3682 209 3741 illud
231 3689 343 3761 sumpsi
364 3686 497 3762 faenore,
521 3687 559 3750 de
582 3704 644 3766 quo
667 3705 727 3751 usu
742 3685 968 3751 Fleckeisenus
990 3704 1061 3751 nov.
1083 3683 1185 3751 annal.
1207 3683 1284 3764 phil.

137 3779 227 3857 1860,
251 3789 379 3862 11114,
403 3800 434 3863 p.
459 3787 537 3848 287:
570 3784 785 3864 ,,Ρ1111111111,
808 3783 938 3848 Latinos
962 3785 1002 3848 ad
1023 3783 1176 3865 pecuniae
1200 3799 1285 3846 sum·

135 3889 235 3953 mam,
261 3895 341 3958 quae
364 3881 398 3945 in
425 3882 623 3961 praegressis
646 3883 807 3947 nominata
829 3888 893 3962 est,
919 3884 1035 3947 iterum
1058 3880 1283 3962 designandam

133 3971 182 4034 uti
205 3972 316 4041 solitos
341 3995 411 4042 esse
439 3995 557 4056 genere
580 3985 695 4044 neutro
718 3980 910 4059 pronominis
932 3981 964 4044 in
988 3979 1140 4062 singulari
1168 3978 1282 4060 posito,

133 4072 171 4133 ut
198 4076 304 4136 mente
331 4075 404 4139 addi
430 4076 532 4157 possit
553 4079 672 4152 pondos
698 4079 768 4139 aori
795 4076 844 4142 vel
871 4080 1015 4154 arccats'f‘
1058 4077 1171 4158 Amph.
1199 4075 1225 4156 1,
1253 4081 1282 4154 3,

133 4171 167 4232 3:
190 4187 290 4230 vorum
313 4174 391 4246 qood
411 4178 470 4236 erit
491 4184 592 4236 natum
614 4177 723 4254 tollito,
746 4175 786 4240 ad
808 4193 837 4256 q.
859 4174 878 4240 l.
901 4175 1056 4240 Groneia:
1081 4173 1151 4256 „lta
1172 4173 1282 4254 loque·

131 4264 249 4330 bantur
271 4272 386 4334 neutro
408 4289 524 4352 genero
547 4272 586 4338 de
608 4277 705 4352 portu
729 4277 762 4337 et
782 4271 891 4338 tuturo
914 4276 948 4337 11
962 4290 1075 4338 recens
1089 4271 1195 4337 nato.“
1219 4271 1280 4335 Te·
