3070 4758
468 207 621 260 stantium
635 209 676 252 Μ
688 209 857 253 euroram
871 211 1026 254 WBBTANT.
1271 219 1334 278 348

176 388 264 462 tene,
287 386 325 448 ut
347 383 384 446 R.
396 382 433 448 R.
458 402 483 450 c.
504 387 541 448 1e
563 387 676 460 aptas
696 387 800 451 eidem
834 384 917 452 ea:
940 386 1030 448 Ficee
1049 385 1194 446 mariscos
1215 387 1247 446 in
1269 388 1335 448 leco

178 489 300 544 cretoso
315 513 357 526 —
374 485 475 558 serito,
500 481 564 562 ubi,
588 487 625 548 ut
639 483 725 562 apud
739 483 905 562 Linnenm,
927 483 1018 564 prius
1033 480 1269 548 substantivum
1284 497 1339 563 ge·

180 595 250 654 nus,
277 575 413 643 alterum
438 579 578 659 speciem
600 580 728 661 plantae
751 577 915 662 significat
953 579 1033 646 Cato
1061 595 1112 659 ap.
1135 577 1219 644 Iord
1243 585 1294 659 34,
1318 583 1337 643 5

182 684 286 738 ventus
302 683 411 739 auster.
439 676 541 742 Plani.
558 677 656 743 Mero.
672 676 698 757 Ι,
717 682 744 758 1,
760 682 816 742 86:
838 697 943 742 navem
963 696 1127 741 cercurum.
1150 675 1247 741 Poen.
1263 675 1288 756 Ι,
1307 681 1336 756 2,

183 777 236 838 77:
259 775 390 849 lapidem
405 777 528 838 silicem.
552 775 593 840 ib.
607 793 635 840 a.
650 781 668 838 ‘i
672 780 707 842 8:
730 794 797 839 nam
813 774 871 839 tn’s
887 777 985 852 lapide
1000 777 1081 837 silice
1093 779 1221 838 stultior.
1246 771 1338 840 Cure.

181 869 219 944 V,
237 876 266 949 2,
281 875 338 933 47:
355 880 460 934 ventus
476 876 563 936 turbo
580 871 687 948 (eliber
702 877 752 938 est
766 872 851 937 Trin.
868 872 922 952 IV,
937 878 964 952 l,
983 876 1035 936 16:
1051 875 1100 934 lta
1114 877 1170 935 iam
1188 875 1272 950 quasi
1288 889 1337 934 ca·

181 987 235 1029 nes
262 970 322 1030 hau
344 988 430 1031 secus
452 989 556 1033 navam
579 973 812 1033 circumstabant
835 973 951 1033 turbine
972 973 1073 1043 vead).
1111 970 1237 1034 Terent.
1261 968 1337 1036 Hes

176 1064 241 1144 ΙΠ,
264 1071 293 1145 3,
317 1069 372 1130 26:
396 1067 458 1130 fors
480 1069 609 1130 fortuna.
652 1067 734 1132 Eun.
750 1067 808 1147 111,
833 1074 861 1148 5,
886 1073 942 1132 202
966 1071 1058 1130 Forte
1081 1068 1209 1132 fortuna.
1255 1065 1340 1144 Qua·

180 1165 314 1243 propter
330 1181 392 1228 non
406 1170 542 1244 possunt
555 1163 718 1230 offendere
733 1165 916 1245 pleonasmi,
940 1165 1056 1246 quibus
1075 1156 1196 1229 notiorn
1216 1163 1340 1229 cuidam

182 1259 285 1324 simile
313 1260 564 1327 additamentum
586 1262 735 1327 adiicitur
756 1263 796 1327 ad
819 1261 1027 1328 definiendam
1042 1262 1129 1327 illem
1144 1261 1335 1328 accuratius.

184 1357 236 1422 Sic
251 1358 346 1422 Ennii
368 1359 470 1425 annal.
494 1361 519 1440 I,
543 1380 573 1425 v.
596 1365 637 1425 80
660 1357 735 1433 (Cic.
765 1360 805 1425 de
825 1360 887 1424 div.
911 1361 937 1440 I,
960 1363 1030 1438 48):
1059 1364 1204 1423 Curantes
1231 1377 1338 1435 magna

179 1475 249 1518 cum
270 1463 418 1519 curatum
434 1461 700 1535 cupientesRegni
718 1461 802 1537 cett,
826 1459 1005 1524 abiiciamus
1024 1474 1083 1537 pro
1102 1457 1194 1521 valde
1216 1471 1338 1521 curare.

184 1553 289 1619 Plena
312 1553 506 1620 Menaechm.
530 1556 568 1635 V,
591 1561 621 1635 4,
646 1562 680 1620 7;
714 1560 825 1634 Magna
854 1577 920 1620 eum
950 1575 1022 1618 cura
1051 1575 1106 1632 ege
1128 1558 1211 1615 illum
1239 1555 1339 1615 curari

181 1656 258 1731 volo,
282 1656 316 1715 et
331 1652 373 1717 ib.
389 1673 416 1716 v.
435 1657 469 1717 9:
491 1658 539 1715 Ita
560 1657 643 1716 illum
671 1674 737 1716 cum
760 1673 959 1732 caramagna
983 1656 1092 1716 curabo
1114 1654 1178 1714 tibi.
1209 1649 1338 1717 Terent

182 1749 298 1814 Heaut.
314 1749 369 1830 IV,
388 1757 413 1829 l,
431 1756 485 1816 39:
508 1771 545 1815 ne
569 1771 676 1829 expers
699 1756 794 1829 partis
816 1761 896 1815 esset
919 1754 954 1814 de
977 1755 1090 1813 nostris
1112 1753 1207 1812 bonis.
1246 1746 1339 1813 Simi-

182 1846 230 1911 les
245 1846 446 1927 pleonasmos
467 1847 561 1914 affert
583 1867 621 1914 ex
644 1849 775 1915 Graecis
797 1849 914 1914 Bernb.
937 1848 1024 1931 synt.
1047 1867 1078 1928 p.
1104 1851 1174 1912 193.

267 1944 340 2010 Non
367 1965 439 2012 raro
468 1947 584 2011 dicitur
609 1964 668 2025 per
695 1947 923 2013 abundantiam
951 1946 1105 2014 sermonis
1134 1962 1217 2004 acmo
1246 1945 1340 2016 bomo,

184 2041 231 2106 sic
252 2060 272 2106 a
294 2043 412 2108 Catone
435 2050 516 2110 orat.
538 2063 597 2126 pro
619 2044 735 2108 Rbod.:
758 2049 888 2108 sinemo
911 2053 993 2108 esset
1013 2047 1104 2106 mmo.
1132 2041 1235 2106 Plaut.
1250 2039 1339 2106 Pers

183 2139 227 2215 Π,
250 2144 279 2219 2,
302 2145 358 2206 29:
381 2147 475 2205 Nemo
498 2145 585 2204 homo
607 2162 744 2220 nmquam
766 2148 810 2206 ita
832 2146 1016 2206 arbitratust.
1062 2140 1187 2206 Terent.
1204 2136 1338 2217 Adelph.

180 2235 226 2315 ΙΙ,
251 2243 279 2315 3,
303 2242 337 2302 6:
362 2243 473 2302 homini
496 2243 615 2302 nemini.
661 2241 741 2305 Eun.
765 2239 824 2320 ΙΙΙ,
848 2246 876 2320 5,
904 2248 933 2306 i:
957 2259 1044 2303 nemo
1066 2243 1191 2302 homost.

270 2334 503 2416 Nonnunquam
527 2338 762 2403 substantivum
784 2355 842 2418 per
856 2338 1082 2419 'pleonasmum
1107 2334 1220 2413 exiguo
1241 2332 1340 2396 inter·

185 2430 269 2494 vallo
291 2434 457 2512 repetitur.
502 2435 554 2500 Sic
573 2435 675 2500 Plaut.
701 2435 790 2515 Epid.
807 2435 833 2516 Ι,
859 2442 886 2516 l,
909 2439 964 2500 39:
986 2437 1043 2498 Est
1057 2449 1154 2500 causo
1174 2449 1234 2506 rw
1248 2447 1341 2491 ⁰01&st

184 2532 273 2592 simul
296 2549 411 2592 mecum
433 2535 478 2594 ire
500 2537 635 2595 retituet
680 2530 758 2597 cist.
779 2532 804 2611 I,
829 2539 857 2612 3,
883 2539 921 2598 17
945 2549 1009 2612 etp:

313 2627 476 2691 Paternum
499 2649 614 2692 servom
638 2635 683 2692 sni
705 2634 869 2709 participat
891 2635 1012 2705 consili;

312 2729 374 2788 Dat
396 2747 460 2788 eam
483 2732 614 2806 puellam
636 2732 662 2792 ει·
684 2749 766 2791 servo
789 2733 991 2806 exponendam
1014 2729 1051 2790 ad
1073 2745 1184 2790 necem.

188 2821 315 2888 Terent.
350 2824 466 2890 Heaut.
499 2826 578 2906 prol.
614 2845 642 2890 v.
671 2832 727 2891 20:
764 2831 864 2890 Habet
895 2831 1037 2890 bonorum
1065 2828 1247 2901 exemplum,
1283 2841 1339 2899 quo

184 2927 321 2998 exemplo
344 2929 419 2988 cett.
440 2923 517 2988 Hac.
541 2923 619 3003 prol.
644 2929 673 3004 2,
694 2944 723 2989 v.
748 2929 777 2990 2.

694 3080 736 3140 Ga
759 3125 765 3140 .
789 3081 825 3141 V.

483 3188 672 3280 Doctrina
693 3101 1032 3272 praepositionum.

272 3325 298 3384 1.
321 3318 441 3384 Multas
463 3323 719 3402 praepositiones
741 3340 761 3386 a
780 3322 937 3403 principio
961 3319 1061 3386 fuisse
1084 3321 1225 3384 adecrbtc
1246 3322 1279 3383 et
1301 3334 1341 3382 ex

186 3434 225 3482 eo
248 3423 398 3497 apparet,
422 3419 506 3498 quod
529 3419 675 3486 omnibus
696 3420 824 3502 linguae
847 3419 1006 3486 aetatibus
1028 3436 1169 3497 semper,
1197 3420 1342 3498 praeter·

186 3531 282 3595 quam
304 3517 388 3596 quod
410 3517 664 3597 praepositiones
687 3525 776 3599 sunt,
811 3518 907 3583 etiam
929 3533 987 3598 pro
1010 3515 1170 3580 adverbiis
1193 3513 1341 3593 usurpari

183 3620 410 3693 perrexerunt,
443 3619 476 3678 et
497 3631 537 3678 ex
557 3615 665 3696 tmesi,
696 3633 790 3696 qnam
811 3616 977 3697 patiuntur
1000 3629 1226 3692 nonnunquam
1253 3607 1340 3689 apuu

185 3709 358 3791 scriptores
380 3712 517 3793 priscos,
549 3712 579 3777 h.
603 3731 629 3777 e.
659 3713 866 3779 distractione
889 3733 908 3779 a
929 3712 1046 3788 verbo,
1080 3728 1152 3776 cum
1182 3727 1244 3791 quo
1268 3712 1343 3774 sunt

184 3809 388 3887 compositae
434 3809 485 3875 Sic
512 3815 562 3875 est
591 3810 677 3892 apud
701 3811 839 3878 Ennium
869 3809 972 3875 annal.
1001 3807 1039 3874 fr.
1062 3809 1122 3873 inc.
1146 3813 1196 3886 37,
1226 3825 1254 3871 v.
1277 3809 1341 3870 481

184 3901 334 3970 Vahlen:
358 3911 466 3985 Daque
489 3911 620 3972 tetendit
641 3929 730 3989 agros
752 3915 848 3973 laetos
868 3918 956 3986 atque
979 3910 1089 3984 oppida
1111 3910 1201 3984 cepit.
1238 3903 1341 3970 Plani.

184 3999 277 4066 (iuro.
293 4003 318 4083 1,
344 4009 372 4084 1,
394 4009 450 4070 85:
474 4008 576 4084 Siquid
598 4027 689 4085 super
711 4011 757 4070 ilii
778 4008 879 4072 fuerit.
924 4006 1012 4070 Idem
1036 4004 1154 4070 famum
1177 4008 1228 4068 est
1248 4019 1343 4082 prae»

184 4099 341 4178 positione
362 4102 567 4184 inseparabili
588 4104 674 4170 Trin.
696 4105 751 4185 IV,
776 4112 803 4184 1,
829 4109 883 4170 14:
906 4107 1011 4182 disque
1033 4107 1183 4166 tulissent.

271 4202 300 4263 2.
333 4197 438 4276 Quum
456 4199 629 4281 pleraeque
648 4203 901 4284 praepositiones
922 4220 942 4266 a
961 4200 1052 4265 nobis
1069 4199 1134 4266 iam
1148 4199 1182 4264 in
1196 4196 1341 4268 doctum
