3064 4754
459 263 546 304 CASUS
561 263 828 307 SUBSTANTIVORUM.
842 283 867 296 ·-
880 265 983 305 ABer'l'.
1259 273 1318 331 179

165 443 227 504 cito
251 440 408 502 sustuleris
433 445 464 500 et
486 455 558 500 uasa
579 446 686 512 parata
708 445 805 514 eruut,
829 440 928 502 damni
944 441 1018 500 nihil
1033 440 1322 516 marcennacum,

165 537 221 604 ubi
244 555 303 600 erac
324 533 423 598 habet
449 529 711 613 significationem
741 535 831 600 verbi
853 535 984 600 oriendi.
1023 532 1126 599 Praei.
1156 534 1183 612 §.
1207 539 1244 598 4:
1282 537 1323 596 At

163 655 200 702 cc
227 635 366 710 comediis
394 641 424 694 et
450 634 506 696 viri
533 631 690 694 fortissimi
720 641 751 694 et
784 635 894 695 milites
923 635 1120 696 strenuissimi
1154 635 1322 708 gignuntur.

165 730 199 796 C.
225 737 252 796 3.
277 731 304 808 ἓ.
328 737 364 795 4:
403 749 439 793 cu
461 730 567 804 quonia
589 731 655 790 oleo
677 732 773 792 oleum
796 734 919 793 viridius
942 739 974 792 et
994 733 1102 793 bonum
1124 731 1191 790 fieri
1211 735 1322 805 potest.

165 828 198 894 Ο.
225 835 256 894 5:
281 830 417 891 Scabiem
440 829 543 903 pecori
566 857 609 868 —
632 836 745 890 caveto.
769 829 799 888 id
823 845 858 889 err
885 829 965 901 smne
994 835 1025 890 et
1048 830 1073 888 si
1095 829 1229 906 impluit,
1256 826 1323 886 fieri

165 932 251 991 solet.
283 924 317 988 O.
345 930 419 996 157:
443 927 492 986 ubi
516 923 653 986 sufflatae
677 933 746 988 sunt
768 943 803 986 cu
825 928 897 990 cibo.
927 924 990 989 Ib.:
1015 927 1065 987 nbi
1088 943 1124 986 cc
1146 925 1238 986 multo
1260 925 1323 984 cano

164 1029 249 1088 alvus
272 1043 329 1085 non
353 1025 385 1082 it.
432 1019 527 1085 Ennii
549 1020 651 1085 annal.
676 1021 695 1086 l.
716 1020 742 1101 Ι,
781 1021 817 1086 ir.
844 1027 899 1088 29:
938 1030 1087 1086 Assaraco
1116 1029 1203 1084 natus
1233 1021 1322 1094 napis

167 1125 296 1198 optimus
334 1123 418 1196 isque
448 1121 528 1194 pium
566 1136 601 1178 cn
633 1137 664 1180 ec
686 1122 836 1182 Anchisen
858 1113 989 1195 cannot.
1034 1117 1130 1184 Ennii
1158 1121 1239 1197 trag.
1263 1116 1322 1180 inc.

166 1217 279 1298 fragm.
305 1221 359 1282 20:
383 1237 397 1278 e
419 1235 469 1290 spe
489 1218 608 1291 quidem
631 1217 663 1276 id
685 1220 831 1280 successit
853 1220 916 1281 tibi.
939 1216 1150 1296 Epicharmus
1172 1212 1209 1277 ir.
1235 1219 1263 1276 7.
1289 1229 1322 1292 p.

171 1319 231 1379 168
255 1313 404 1378 Vahlen:
444 1316 494 1388 qni
516 1321 621 1375 ventus
645 1321 692 1376 est
715 1322 745 1375 et
769 1318 877 1378 nubea:
915 1318 1010 1377 imber
1036 1323 1143 1392 postea
1165 1318 1263 1389 Atque
1287 1329 1322 1371 cc

164 1416 259 1474 imbre
281 1413 394 1489 frigus:
417 1416 523 1472 uentus
546 1417 615 1486 post
636 1411 679 1474 fit.
724 1410 828 1474 Plaut.
853 1410 950 1476 scien.
973 1429 1002 1475 v.
1028 1416 1103 1476 hal:
1128 1414 1261 1486 donaque
1286 1427 1322 1470 cc

164 1529 249 1572 aare.
284 1507 365 1572 Rud.
388 1507 427 1586 V,
451 1512 479 1584 2,
506 1512 558 1572 13:
597 1511 674 1570 Nam
695 1510 751 1570 hoc
774 1511 893 1585 quidem
916 1513 967 1585 pol
990 1527 1005 1568 c
1026 1509 1170 1582 robigine,
1192 1525 1251 1568 non
1276 1515 1322 1568 est

163 1629 179 1670 e
204 1610 285 1682 ferro
309 1607 429 1668 facturn.
475 1603 589 1667 Bacch.
613 1603 667 1682 IV,
690 1611 720 1682 4,
746 1609 777 1670 l:
802 1609 878 1668 Huic
903 1613 1030 1668 statuam
1054 1608 1146 1666 statui
1177 1606 1264 1664 decet
1287 1621 1323 1664 ec

164 1725 250 1768 auaro.
275 1703 372 1768 Mero.
390 1701 416 1781 I,
434 1707 463 1780 2,
487 1705 544 1764 28:
568 1704 768 1766 Resinamecr
790 1706 874 1764 melle
900 1707 1078 1780 Aegyptiam
1101 1710 1215 1780 voratu,
1238 1701 1268 1764 h.
1294 1719 1320 1766 e.

163 1803 301 1868 resinam
325 1818 395 1864 cnm
419 1799 528 1875 melle,
556 1794 629 1877 μετὰ
651 1796 784 1878 μέλιτος,
824 1819 851 1863 v.
874 1800 975 1880 intpp.
1021 1799 1093 1864 Aul.
1131 1799 1178 1878 ΙΙ,
1206 1804 1240 1876 2,
1265 1802 1319 1862 29;

162 1905 268 1976 Neque
292 1901 346 1960 illo
376 1901 562 1974 quisquamst
585 1902 662 1960 alter
685 1901 772 1960 hodie
796 1917 832 1960 cc
848 1903 1025 1974 paupertare.
1046 1901 1176 1975 parcior,
1199 1894 1229 1958 h.
1250 1911 1277 1958 e.
1303 1913 1321 1959 e

165 2013 298 2061 numeru
320 2012 506 2074 pauperum.
531 1993 627 2058 Stich.
651 2014 679 2058 v.
707 1999 761 2060 12:
787 2000 836 2073 qui
857 2017 931 2058 unus
954 1999 1041 2058 unice
1060 1996 1181 2058 Ciuicam
1203 2011 1238 2054 ec
1260 2010 1321 2054 om-

164 2098 252 2156 nibus
277 2095 388 2169 probus
411 2094 597 2155 Perhibetnr.
621 2090 646 2167 Ι,
671 2096 700 2170 2,
725 2096 778 2158 63:
803 2097 856 2156 Ec
877 2095 966 2156 matis
987 2095 1089 2154 malta
1110 2097 1219 2154 malurn
1242 2091 1321 2166 quud

162 2192 363 2255 minumumst.
387 2187 430 2264 ΙΙ,
454 2192 483 2266 2,
509 2194 562 2252 19;
587 2191 698 2252 Verum
720 2209 756 2252 cc
777 2193 877 2254 multia
899 2194 1071 2267 nequiorem
1096 2193 1319 2263 nullumquam

163 2293 213 2352 hic
236 2299 283 2352 est
306 2285 475 2362 (conveni).
518 2285 614 2350 Most.
650 2285 676 2364 Ι,
702 2293 729 2366 1,
754 2293 809 2354 29:
855 2293 1007 2352 inventute
1042 2290 1181 2348 exomni
1206 2288 1319 2347 Attica.

161 2386 278 2452 Pseud.
301 2384 326 2462 Ι,
352 2389 381 2463 3,
408 2386 482 2448 156:
521 2386 612 2444 Pauci
634 2402 670 2444 ec
692 2387 792 2447 multia
815 2396 885 2448 sunt
908 2389 1009 2460 amici,
1037 2386 1149 2446 homiui
1172 2385 1248 2444 certi
1271 2385 1322 2458 qui

163 2490 249 2548 sient.
283 2503 312 2546 v.
337 2485 412 2545 158:
448 2485 546 2558 Atque
571 2500 719 2559 exquaere
748 2502 784 2544 ec
809 2487 872 2546 illis
898 2483 999 2546 mulus
1026 2500 1115 2543 unum
1144 2483 1193 2557 qui
1221 2488 1321 2540 certus

162 2586 230 2646 siet.
275 2579 358 2644 Men.
396 2596 424 2641 v.
450 2583 529 2642 370:
568 2582 643 2653 Quia
671 2583 722 2655 pol
749 2588 780 2642 te
802 2601 891 2643 unum
925 2601 960 2642 cc
982 2583 1118 2642 omnibus
1148 2581 1250 2639 Venus
1273 2595 1319 2637 me

163 2682 258 2744 voluit
281 2677 479 2754 magnificare.
517 2675 613 2739 Most.
636 2675 661 2754 I,
684 2682 714 2753 4,
738 2681 794 2742 24ε
830 2682 879 2739 1111
903 2698 957 2756 ego
985 2696 1020 2738 ca
1043 2679 1177 2738 omnihtta
1200 2681 1319 2750 optume

162 2780 239 2838 volo.
263 2774 357 2838 Most.
380 2792 408 2834 v.
433 2777 510 2836 880:
536 2775 621 2835 Solus
645 2807 683 2818 -—
708 2793 744 2835 en
763 2778 923 2850 plurumis.
947 2773 1043 2838 scien.
1067 2772 1320 2852 lacaniano

162 2877 365 2948 Miccotrogus
387 2874 503 2932 nornine
521 2889 536 2930 e
554 2889 623 2932 vero
646 2890 744 2934 vocor.
768 2873 865 2938 Stich.
889 2872 914 2950 I,
932 2878 960 2949 3,
979 2876 1052 2936 114:
1077 2873 1161 2934 Satin
1177 2876 1210 2930 ut
1222 2869 1320 2930 facete

164 2989 258 3046 aeque
283 2978 371 3047 atque
406 2987 441 3029 eu
457 2971 728 3049 pictura-nstitui,
766 2969 795 3034 h.
828 2988 855 3034 e.
893 2973 983 3049 quasi
1006 2988 1045 3034 ex
1071 2968 1197 3050 pictura
1219 2969 1320 3042 ortua,

164 3067 256 3146 quasi
278 3066 382 3145 pictus
406 3065 455 3129 sit.
491 3064 584 3130 Most.
609 3065 650 3145 ll,
677 3073 703 3142 l,
728 3073 782 3131 71:
806 3071 908 3144 Neque
926 3071 1081 3144 quicquam
1102 3068 1186 3126 nobis
1203 3066 1323 3140 pariant

163 3183 200 3226 cu
222 3183 251 3225 sc
273 3166 459 3228 incommodi.
506 3163 593 3228 Pera.
619 3164 674 3243 IV,
697 3171 727 3239 4,
751 3168 824 3228 100:
856 3169 983 3228 Divitias
1007 3173 1039 3225 tn
1062 3182 1097 3224 cc
1120 3167 1194 3224 istem
1216 3162 1320 3224 facies.

163 3262 261 3328 Mera.
302 3260 350 3340 ΙΙ,
381 3265 415 3340 2,
445 3265 499 3326 53:
543 3266 599 3323 Hic
626 3266 713 3324 homo
744 3281 779 3324 cc
808 3281 908 3324 omme
937 3265 1056 3324 insanit.
1102 3259 1320 3338 ll,3‚106:

164 3363 259 3422 Sanus
286 3378 343 3420 nou
373 3368 420 3420 est
448 3378 483 3420 cc
510 3378 608 3422 rumore
636 3363 724 3422 illius.
773 3359 821 3438 ΙΙ,
852 3365 885 3436 3,
916 3364 992 3423 11οε
1021 3362 1188 3434 Numquam
1213 3356 1321 3432 edepol

163 3458 220 3520 fuit
257 3475 353 3533 neque
385 3458 438 3518 fiet
467 3460 518 3518 ille
560 3475 651 3518 senex
685 3461 819 3519 insanior
858 3462 910 3520 Ec
943 3473 1050 3518 amore.
1103 3453 1169 3532 HI,
1202 3458 1234 3529 1,
1265 3456 1319 3516 19:

163 3573 199 3616 cer
235 3555 335 3627 smnio
371 3573 478 3616 nomen
514 3554 678 3618 inditumst.
727 3553 820 3634 Epid.
857 3553 904 3632 ΙΙ,
940 3560 973 3632 l,
1011 3560 1051 3618 4:
1101 3572 1159 3629 qua
1195 3569 1230 3612 ea
1267 3550 1322 3610 tibi

166 3669 379 3712 commemores
404 3655 489 3712 Hanc
513 3683 553 3694 —
577 3652 668 3711 filiam
690 3661 874 3727 prognatam.
917 3649 1033 3716 Pseud.
1056 3649 1083 3730 Ι,
1107 3655 1135 3726 5,
1160 3652 1214 3711 77;
1245 3649 1321 3721 Quia

163 3750 358 3812 nolebamus
380 3767 560 3810 memorem
582 3752 721 3825 progigni
742 3752 859 3810 mulum.
882 3747 924 3826 11,
949 3754 978 3827 2,
1003 3751 1058 3812 60;
1081 3766 1117 3808 eu
1140 3749 1192 3808 hoc
1214 3762 1321 3806 nomeu

164 3849 275 3908 mihist.
300 3843 378 3910 cist.
401 3844 460 3921 III,
479 3865 505 3909 v.
523 3849 577 3908 21:
601 3849 804 3922 Tranquillum
826 3846 926 3907 facere
950 3865 985 3908 cu
1000 3850 1087 3908 irato.
1110 3842 1206 3905 Poen.
1230 3839 1266 3918 V,
1291 3845 1320 3917 3,

162 3947 224 4006 45:
249 3946 386 4006 Restitua
411 3953 509 4006 certas
533 3946 572 4002 mi
599 3961 634 4002 eu
655 3944 778 4003 incertis
799 3962 877 4004 nunc
906 3961 987 4020 opes.
1024 3941 1181 4006 Astrabae
1208 3937 1320 4018 fragm.

161 4055 191 4120 p.
214 4044 287 4115 476,
312 4057 340 4102 v.
364 4045 397 4105 3:
420 4043 575 4102 Axitiosae
604 4058 750 4101 annonam
784 4058 885 4100 caram
915 4043 1005 4102 cciii
1032 4041 1213 4102 concinnant
1241 4039 1319 4098 viris.

164 4137 256 4202 Tunc.
281 4136 321 4208 ΙΙ,
351 4141 380 4214 2,
405 4141 459 4201 64;
498 4139 567 4198 Vidi
593 4139 729 4213 equidem
763 4154 799 4196 en
828 4138 966 4198 iumentis
996 4139 1109 4198 domita
1137 4135 1203 4208 ficti
1231 4141 1319 4208 atque

163 4237 238 4298 alias
262 4238 388 4308 bestias,
423 4232 463 4297 dc
484 4250 547 4313 qno
571 4251 666 4298 versu
688 4231 761 4296 vide
783 4230 928 4311 Kampm.
959 4251 988 4314 p.
1015 4238 1063 4298 19.
1108 4229 1174 4294 Mil.
1212 4227 1267 4306 IV,
1291 4233 1319 4305 2,

1043 4337 1104 4396 12*
