3070 4758
468 276 556 318 045118
571 275 838 326 willhelmum.
857 299 885 314 ··-
904 283 1042 326 ACCVSAT.
1287 293 1352 355 205

190 443 353 528 Deapaut.
377 465 408 529 p.
433 455 496 516 310
519 454 552 516 et
571 451 681 520 Ursln.
703 471 735 536 p.
759 458 835 535 248,
854 457 999 537 quamvis
1021 457 1162 523 editione
1174 458 1214 524 D.
1231 457 1353 525 Gothu-

189 541 271 610 lredi
293 548 360 608 irae
374 547 542 613 habetur.“
565 548 683 616 Heaut.
699 551 738 629 V,
756 557 784 632 1,
800 557 858 620 22:
882 557 979 633 llngle
1001 573 1089 619 unum
1113 559 1202 618 etlam
1223 560 1349 634 laetare,

187 638 218 704 h.
237 657 262 706 e.
278 644 438 710 instanter
453 663 579 728 urgere.
609 645 693 714 Eun.
709 648 752 730 11,
769 655 799 730 3,
815 657 851 717 3:
875 671 961 729 quam
983 653 1119 716 insistam
1141 655 1227 716 riam.
1249 653 1348 720 Andr.

188 740 246 822 IV,
274 747 301 824 1,
327 746 383 808 19:
406 746 528 806 solvisti
550 745 654 821 fidem,
688 745 729 812 de
751 763 814 829 qno
836 748 907 815 loeo
929 748 1076 814 Ruddim.
1097 769 1128 832 p.
1156 755 1230 816 152:
1266 758 1351 831 „nori

193 842 244 905 est
260 840 356 921 (quod
372 838 551 922 Stephanus
571 841 606 906 in
620 841 702 909 thes.
718 843 754 910 L.
770 843 807 910 L.
824 849 858 910 et
873 845 1035 912 Turnerus
1050 847 1082 911 in
1097 863 1229 929 gramm.
1246 865 1349 914 exere.

192 954 223 1018 p.
242 941 282 1001 10
303 937 573 1020 interpretantur)
598 935 693 1005 fidem
715 957 876 1022 rumpere,
899 944 956 1010 sed
979 947 1100 1024 contra,
1121 944 1279 1026 premissa
1300 943 1347 1010 la·

190 1051 265 1100 cere
288 1053 346 1101 seu
368 1033 531 1116 implere.“
575 1035 694 1102 Heaut.
717 1036 779 1119 ΙΙΙ,
804 1044 831 1120 1,
856 1045 911 1105 28ε
943 1045 1020 1115 Quia
1045 1061 1184 1120 pessume
1211 1045 1289 1106 istnc
1315 1045 1348 1104 in

192 1141 223 1196 te
247 1139 337 1210 atque
359 1135 390 1194 in
412 1136 496 1196 illum
520 1137 660 1198 consulis.
705 1134 822 1220 Heant.
845 1137 884 1218 V,
907 1145 937 1215 4,
961 1143 1016 1204 21:
1045 1157 1142 1216 neque
1165 1143 1244 1220 quod
1265 1143 1347 1218 pria-

194 1232 305 1308 eipinm
328 1234 443 1307 capiam
466 1233 503 1294 ad
526 1233 704 1308 placandum
728 1237 800 1299 seio.
836 1235 914 1302 Hee.
931 1236 957 1316 l,
981 1241 1010 1316 2,
1035 1239 1110 1302 119:
1131 1239 1267 1314 Pernam,
1288 1257 1349 1316 qno

189 1330 286 1405 coepi,
310 1329 365 1390 eoo
385 1330 450 1390 iter.
484 1327 612 1394 Phorm.
634 1328 678 1410 II,
701 1335 731 1410 3,
757 1335 812 1397 12:
835 1335 867 1395 Si
891 1351 973 1396 erum
995 1336 1180 1398 insimulabis
1202 1338 1345 1412 malitiae,

188 1431 266 1488 male
290 1427 403 1488 audies.
447 1425 528 1490 Eun.
551 1425 606 1505 lv,
630 1432 660 1507 7,
684 1431 739 1493 39:
767 1431 826 1492 Hie
848 1430 922 1494 iurti
945 1449 977 1494 55
999 1433 1121 1508 adligat.
1165 1429 1242 1497 Heu.
1267 1431 1298 1512 Ι,
1315 1436 1347 1512 2,

188 1527 247 1588 33:
271 1530 305 1584 ut
328 1529 442 1600 tergum
466 1541 563 1586 meum
586 1527 677 1588 Tuam
700 1529 732 1588 in
753 1528 841 1590 fidem
865 1530 1054 1592 committam.
1099 1527 1214 1594 Heaut
1231 1529 1291 1609 ΙΙΙ,
1315 1533 1344 1609 1,

187 1625 248 1686 42:
282 1623 413 1683 Primum
436 1623 494 1684 iam
518 1623 643 1684 ancillas
666 1641 766 1686 seeum
789 1627 913 1687 adduxit
936 1627 1007 1701 plna
1029 1627 1143 1691 duram.
1186 1625 1264 1692 Hec.
1288 1626 1345 1707 Ν,

190 1724 222 1798 2,
243 1723 300 1783 27:
332 1721 399 1780 Non
423 1725 487 1780 tute
508 1722 723 1782 incommodam
746 1741 819 1798 rem,
841 1731 876 1784 ut
897 1731 1071 1802 quaequaat,
1094 1726 1125 1785 in
1147 1727 1276 1786 animum
1298 1728 1344 1786 in!-

189 1819 281 1879 duees
303 1820 376 1894 pati.
409 1814 536 1880 Phorm.
557 1815 613 1895 lV,
637 1822 666 1896 2,
694 1823 723 1882 l:
746 1822 811 1896 Ego
834 1823 982 1882 hominem
1005 1823 1189 1883 callidiorem
1208 1824 1270 1884 ridi
1291 1834 1343 1883 net

187 1917 296 1976 minem
322 1917 416 1989 Quam
432 1915 650 1976 Phormionem.
694 1915 792 1982 Andr.
808 1915 852 1996 Il,
876 1923 905 1996 3,
926 1921 963 1982 4:
986 1919 1071 1980 Prius
1095 1937 1181 1995 quam
1204 1927 1286 1981 tunm
1306 1917 1345 1981 u't

189 2031 256 2078 sese
283 2013 394 2076 habeat
419 2014 548 2072 animum
575 2013 613 2074 ad
642 2017 763 2090 nuptias
783 2018 991 2091 perspexerit.
1036 2014 1117 2079 Eun.
1139 2013 1201 2095 ΙΙΙ,
1230 2021 1259 2095 5,
1290 2020 1345 2081 lita

189 2113 284 2185 Quom
306 2111 389 2186 ipsus
417 2127 463 2171 me
483 2111 580 2178 auris,
618 2128 706 2187 qnam
740 2116 861 2189 elegans
889 2113 1050 2176 formarum
1079 2120 1233 2190 epaatatar
1260 2116 1344 2178 siem.

186 2207 304 2273 Heaut.
327 2205 371 2285 II,
394 2211 424 2286 3,
450 2210 525 2270 129:
557 2209 677 2270 Patrem
698 2213 807 2274 novisti
834 2211 872 2272 ad
894 2213 949 2275 has
975 2229 1025 2274 rea
1047 2231 1135 2288 quam
1164 2214 1204 2273 sit
1226 2213 1346 2289 perspi·

188 2325 253 2369 ean.
296 2303 413 2368 Heaut.
437 2302 480 2382 ΙΙ,
505 2309 533 2382 3,
559 2308 636 2370 130:
670 2309 736 2384 ligo
758 2313 786 2368 te
807 2317 906 2369 autem
929 2311 1013 2383 novi,
1044 2325 1132 2384 quam
1153 2327 1221 2370 esse
1244 2311 1343 2372 soleas

184 2407 332 2480 inpotens.
370 2400 467 2467 Andr.
483 2400 543 2481 111,
567 2407 597 2482 2,
620 2407 676 2470 23:
704 2407 772 2466 Non
795 2409 869 2466 satis
891 2423 938 2466 me
960 2406 1095 2481 pernosti
1121 2407 1222 2481 etiarn,
1245 2409 1343 2481 qualis

185 2502 250 2563 eim.
295 2498 377 2563 Eun.
394 2497 437 2577 II,
460 2503 489 2579 3,
515 2502 569 2564 16:
591 2503 688 2576 Nune,
711 2504 866 2576 Parmeno,
890 2512 919 2564 te
943 2503 1111 2564 ostenderis
1134 2506 1184 2579 qni
1205 2505 1252 2566 vir
1272 2505 1343 2564 sies.

184 2596 263 2662 Heu.
285 2594 344 2676 111,
369 2601 398 2676 5,
424 2601 478 2661 le:
517 2601 641 2660 Omnem
661 2615 726 2660 rem
749 2601 812 2661 seio
842 2607 875 2660 ul
896 2603 938 2661 ¹sit
959 2607 1051 2676 gesta.
1094 2597 1150 2677 IV,
1176 2604 1202 2678 Ι,
1226 2603 1282 2662 52:
1316 2601 1344 2662 si

183 2697 280 2772 ipsam
302 2715 365 2757 rem
389 2703 423 2756 ut
444 2697 503 2756 siet
524 2696 692 2758 resciverit.
734 2693 833 2760 Andr.
848 2694 874 2774 Ι,
897 2701 925 2775 1,
949 2700 983 2760 2:
1007 2699 1111 2773 paneis
1132 2704 1164 2756 te
1186 2699 1263 2772 uolo,
1286 2695 1346 2760 uni

183 2795 292 2858 mente
319 2791 396 2862 addi
418 2795 527 2875 petest
555 2795 675 2869 alloqui.
719 2791 855 2874 Adelph.
883 2792 939 2872 IV,
968 2798 998 2872 7,
1026 2796 1082 2858 36:
1113 2795 1181 2855 Non
1213 2802 1245 2854 te
1266 2796 1342 2856 haee

182 2879 319 2968 pudent?
362 2889 477 2955 Heaut.
501 2890 545 2970 Il,
575 2897 605 2971 3,
631 2895 684 2956 19:
717 2893 829 2966 Quoius
859 2911 937 2954 nnnc
964 2892 1058 2968 pudet
1078 2907 1125 2950 me
1153 2897 1185 2952 et
1206 2893 1342 2956 miseret.

183 2985 318 3067 Adelph.
341 2986 367 3066 1,
391 2992 421 3066 2,
443 2994 478 3052 4:
507 3007 592 3062 quem
613 3007 710 3066 neque
726 2989 821 3064 perdet
842 2991 1004 3064 Quicquam
1034 3007 1090 3052 nee
1112 2991 1218 3050 metuit
1240 3007 1342 3065 quem·

184 3103 281 3161 quam.
325 3083 381 3164 IV,
406 3091 436 3164 5,
458 3091 518 3150 49:
542 3089 585 3148 Et
606 3105 652 3148 me
676 3089 720 3149 tui
742 3088 844 3163 pudet.
889 3084 1016 3149 Phorm.
1032 3083 1075 3163 11,
1099 3090 1128 3162 3,
1150 3089 1208 3149 455
1228 3105 1289 3147 nun
1311 3093 1344 3148 te

183 3185 290 3244 horum
312 3183 427 3258 pudet?
470 3180 589 3248 fleant.
611 3181 668 3263 IV,
689 3188 721 3264 4,
747 3187 801 3248 19:
836 3191 867 3246 at
893 3191 923 3245 te
946 3184 978 3242 id
1005 3185 1087 3244 nullo
1116 3185 1204 3245 modo
1227 3186 1346 3246 Facere

181 3282 298 3358 puduit.
342 3276 477 3360 Adelph.
500 3278 559 3360 111,
584 3285 613 3359 3,
637 3285 693 3346 37:
724 3283 842 3344 Fratris
865 3298 911 3340 me
934 3281 1053 3356 quidem
1075 3283 1172 3342 Pudet
1191 3283 1349 3358 pigetque:

179 3375 299 3444 Heaut.
323 3375 383 3457 111,
408 3380 436 3456 1,
461 3379 518 3442 54:
546 3385 580 3440 nt
600 3395 648 3439 me
670 3385 788 3440 tuarum
809 3379 1013 3452 miseritnmst,
1036 3379 1224 3454 Menedemo,
1246 3377 1345 3440 loreu-

180 3494 295 3540 narum.
339 3474 378 3554 V,
401 3479 433 3554 4,
456 3479 494 3540 3:
526 3477 602 3538 Eius
624 3483 658 3537 ut
678 3478 851 3537 memineris
874 3481 963 3552 atque
986 3477 1084 3551 inopis
1105 3491 1187 3540 nune
1210 3481 1237 3536 te
1257 3477 1344 3538 mise·

180 3580 278 3638 resset
296 3577 366 3638 mei.
403 3570 481 3638 Heu.
497 3571 523 3651 1,
540 3576 570 3651 2,
585 3575 643 3636 535
665 3580 699 3634 nt
719 3574 816 3648 eneam
829 3573 1019 3642 Bacchidem,
1042 3573 1074 3633 Si
1096 3573 1227 3647 adesset,
1250 3575 1346 3634 eredo

179 3674 223 3735 ibi
245 3674 309 3735 eius
329 3673 616 3734 commisersseeret.
660 3669 788 3734 Pharm.
808 3667 835 3746 1,
858 3673 886 3749 3,
910 3673 965 3734 20:
999 3672 1095 3734 nostri
1122 3678 1240 3732 nosmet
1266 3675 1338 3748 psai·

179 3773 265 3836 uitat.
309 3769 370 3851 ΙΙΙ,
394 3772 423 3848 3,
447 3772 504 3834 21:
531 3769 649 3845 Nequid
672 3770 740 3844 plus
769 3769 902 3830 minusve
925 3768 1009 3842 faxit,
1033 3768 1111 3845 qnod
1130 3785 1185 3830 noa
1204 3775 1273 3844 past
1295 3770 1343 3845 pi·

180 3875 260 3947 psat,
284 3870 369 3932 Geta.
398 3864 533 3946 Adelph.
549 3863 608 3943 ΙΙΙ,
623 3869 654 3943 4,
675 3870 730 3929 18:
753 3883 849 3941 neque
865 3867 935 3928 boni
950 3867 1055 3942 Neque
1070 3867 1205 3926 liberalia
1220 3865 1345 3928 funetua

181 3965 345 4028 officiumst
365 3968 430 4028 viri.
474 3963 590 4028 lleaut.
614 3961 639 4041 Ι,
665 3967 693 4041 l,
719 3965 774 4026 14:
802 3965 853 4024 lta
873 3969 938 4024 tute
961 3967 1076 4024 attenta
1098 3964 1218 4024 illarum
1240 3961 1343 4024 oliieia

180 4062 316 4140 langere.
358 4061 486 4127 Peon-m.
504 4059 546 4138 Π,
573 4064 601 4139 l,
624 4064 680 4124 el:
713 4061 848 4122 Functus
871 4061 1120 4122 adulescentulist
1142 4059 1281 4120 Oilieinm
1303 4061 1343 4121 li·

179 4160 302 4221 berulis.
346 4157 506 4238 Aeanti,
533 4163 561 4236 1,
584 4160 642 4220 el:
664 4157 826 4230 Quodilla
847 4163 933 4218 aetas
955 4157 1053 4230 nagia
1071 4155 1207 4216 adunare
1229 4157 1346 4217 utenda

179 4258 325 4321 idoneaet.
352 4253 504 4336 Adelph.
522 4254 568 4334 ΙΙ,
591 4259 619 4334 3,
643 4257 702 4320 ie:
734 4253 805 4315 Mea
833 4255 909 4330 quai
938 4257 1063 4328 praeter
1085 4267 1170 4328 spem
1194 4267 1343 4328 evenere,
