3058 4766
466 253 555 296 ossus
570 257 838 300 sussrrunvvonuu.
858 280 878 288 -
893 259 996 302 16111,
1266 269 1303 326 75

142 423 331 490 Pontedera
354 431 388 492 61
404 425 617 496 Schneidcrus
641 431 682 496 ab
705 431 856 498 hocloco
879 431 985 498 aliena
1008 449 1080 498 esse
1102 439 1305 512 censuerunt,

146 521 290 586 dubitari
311 528 436 604 posset,
469 543 524 605 an,
554 530 819 608 quemadmodum
847 531 943 596 etiam
966 529 1128 610 inpriore
1151 529 1306 609 exemplo,

146 623 260 702 potius
282 623 456 690 ablativum
473 623 636 703 qualitatis
656 629 847 705 contineant,
871 636 930 692 bon
948 628 1041 710 quiet.
1064 624 1203 708 qeiuttat
1220 622 1306 710 lopo,

143 715 339 796 meritust.
389 716 424 784 C.
452 724 486 784 6:
518 726 630 799 Agrum
656 727 762 800 661166
791 728 861 788 16616
889 743 1045 801 66666166,
1084 729 1127 786 616
1154 726 1307 786 6116611611

143 825 278 893 oportet.
324 817 357 882 O.
382 824 415 885 9:
445 823 520 882 locis
543 825 672 898 aquosis,
698 825 861 900 humectis,
885 821 1306 901 61611661666166661168

142 914 194 978 bis
220 917 252 976 in
280 921 347 979 loco
377 916 517 997 positum
540 917 590 982 sit.
635 918 730 984 Ennii
750 919 852 984 annal.
877 919 897 984 l.
920 917 1015 998 XIII,
1042 916 1079 982 fr.
1104 923 1137 984 3:
1171 922 1235 998 Qoo
1257 937 1306 980 res

145 1031 236 1089 sapsa
264 1011 309 1092 (h.
335 1031 361 1078 6.
385 1013 468 1093 ipsa)
499 1018 559 1078 loeo
582 1035 649 1080 sese
677 1026 867 1096 ostentatque
890 1020 1040 1094 iubetque.
1085 1014 1307 1080 Andromacha

145 1108 495 1177 Aechmalotisfr.12:
518 1117 680 1178 Hectorem
703 1133 796 1178 66116
818 1118 998 1192 6661111666
1020 1118 1178 1191 raptarier.
1202 1113 1305 1178 Plaut.

144 1205 242 1272 Most.
258 1207 285 1288 Ι,
306 1213 336 1287 3,
361 1212 415 1274 96:
437 1211 520 1274 Sacae
541 1215 669 1288 quidque
687 1214 798 1276 1666611
821 1215 888 1276 1116
910 1216 1061 1291 capillum,
1085 1216 1163 1274 satin
1186 1230 1306 1288 compo-

144 1308 236 1368 situst
260 1309 435 1370 commode?

231 1437 328 1502 Ennii
350 1437 387 1503 fr.
411 1440 582 1507 Aloumaeo
605 1450 642 1507 4:

486 1569 619 1628 Intendit
643 1570 767 1629 crinitus
790 1569 899 1644 Apollo

441 1649 446 1662 ’
487 1669 596 1725 Arcum
620 1675 765 1739 auratum,
789 1666 1011 1736 161161661166,

487 1765 584 1824 Diona
606 1763 702 1825 lacem
724 1766 797 1824 iacit
820 1783 837 1824 a
859 1765 953 1835 laeva,

146 1909 242 1970 quem
266 1897 375 1958 161666
402 1894 576 1960 ablativum
605 1893 809 1960 instrumenti
839 1911 910 1960 esse
939 1891 1143 1958 verisimilius
1171 1895 1235 1968 est,
1268 1888 1309 1954 si-

147 1995 202 2055 cut
224 1989 364 2058 fortasse
386 1991 481 2058 etiam
504 1992 608 2058 Plaut.
632 1993 722 2072 Men,
743 2012 771 2056 v.
795 1995 875 2056 870:
910 1993 962 2053 Set
992 1995 1057 2068 quis
1085 1994 1134 2052 hic
1162 1997 1223 2064 est,
1259 1989 1308 2064 qui

149 2109 194 2150 me
217 2093 327 2166 66111116
348 2093 417 2152 binc
441 2094 477 2152 de
501 2111 590 2152 carru
613 2091 744 2167 deripit?
765 2088 881 2154 Pseud.
898 2089 923 2168 Ι,
941 2094 970 2169 3,
987 2093 1044 2154 83:
1068 2094 1130 2152 Aut
1152 2094 1234 2150 16116
1257 2095 1308 2146 aut

149 2191 229 2248 mari
251 2191 390 2251 alicunde
415 2189 540 2267 [aliqua]
564 2193 696 2264 evolvam
720 2192 751 2250 id
772 2197 927 2264 argentum
950 2190 1014 2250 tibi.
1061 2184 1131 2251 Cas.
1147 2184 1204 2264 IV,
1228 2190 1256 2262 1,
1273 2189 1308 2248 5:

149 2287 220 2347 totis
244 2289 378 2348 aedibus.
423 2284 521 2352 Mero.
544 2305 573 2351 v.
599 2291 655 2352 57:
678 2295 743 2348 tota
766 2288 848 2348 urbe.
895 2284 1041 2365 Kampm.
1070 2284 1109 2350 (16
1131 2287 1174 2346 IN
1196 2299 1307 2363 praep.

148 2400 179 2462 p.
202 2387 222 2446 8
246 2387 315 2447 tres
343 2383 430 2449 locos
451 2383 615 2450 Plautinos
643 2382 753 2462 affert,
790 2382 845 2447 ubi
875 2387 943 2446 navi
971 2381 1089 2446 dictum
1120 2380 1164 2445 sit
1191 2397 1248 2459 pro
1278 2383 1309 2440 in

149 2484 224 2556 navi,
248 2479 333 2544 inter
356 2498 436 2560 quos
459 2481 542 2546 Men.
561 2481 598 2561 V,
622 2487 651 2560 9,
675 2485 725 2560 26,
748 2480 864 2546 Bacch.
881 2479 924 2560 II,
949 2484 978 2558 3,
1003 2485 1057 2544 91:
1081 2483 1167 2540 Nunc
1191 2481 1309 2540 tibimet

54 2581 56 2586 '
149 2580 220 2640 illuc
242 2581 315 2640 6661
338 2583 546 2657 capiundumst
567 2584 640 2654 iter,
676 2578 733 2644 sed
760 2577 809 2642 his
838 2576 916 2642 locis
939 2577 1098 2644 ablativus
1127 2576 1234 2656 potius
1258 2579 1309 2640 661

148 2674 410 2742 instrumentalis.

233 2773 283 2837 Ad
308 2792 400 2839 usum
424 2774 615 2840 translatum
638 2771 769 2838 ablativi
793 2771 855 2838 loci
879 2777 1026 2851 spectant
1049 2772 1128 2836 haec
1151 2770 1306 2850 exempla.

148 2867 349 2936 66161111.
374 2892 400 2937 6.
425 2880 459 2938 b:
494 2876 614 2938 Ditihare
636 2873 767 2934 familiae
793 2874 1003 2947 supersedeat,
1039 2869 1305 2949 quemadmodum

150 2972 202 3032 661
222 2969 307 3049 apud
329 2969 478 3036 Plautum
503 2971 598 3038 Poen.
623 2974 648 3052 l,
670 2979 698 3053 3,
725 2981 760 3038 5:
796 2972 959 3049 supersede
987 2971 1052 3030 16111
1078 2971 1189 3038 661116,
1224 2965 1255 3030 h.
1279 2984 1306 3030 e.

132 3064 283 3152 abstine.
328 3067 423 3132 Ennii
447 3070 581 3136 Medeae
606 3072 706 3137 exulis
729 3070 767 3136 ir.
794 3076 821 3148 1,
845 3088 873 3134 v.
897 3071 976 3132 288:
1006 3068 1106 3126 611116
1129 3083 1228 3141 aegro,
1252 3062 1307 3143 qui

149 3167 256 3228 161666
279 3164 341 3230 abl.
370 3168 512 3246 proxime
537 3171 669 3252 attingit
694 3169 756 3235 abl.
786 3184 901 3234 causae
929 3166 996 3232 sive
1026 3162 1240 3228 instrumenti.
1275 3158 1305 3226 S.

148 3259 182 3324 0.
206 3261 246 3326 de
257 3262 524 3330 Bacchanalibus:
548 3273 592 3330 sai
615 3287 688 3345 ques
712 3276 798 3330 esent
821 3270 890 3344 quei
913 3283 1069 3326 ercorswm
1091 3263 1147 3323 aad
1168 3261 1305 3332 16616661,

148 3360 233 3438 qued
257 3361 437 3441 exemplum
467 3362 665 3445 Hartungius
695 3367 734 3428 de
764 3363 890 3428 casibus
919 3381 948 3443 p.
973 3366 1014 3426 84
1041 3357 1150 3437 affert,
1185 3361 1222 3422 ut
1251 3355 1307 3420 de·

147 3462 321 3538 monstret,
355 3461 533 3540 antiquiore
560 3461 688 3543 linguae
719 3462 853 3526 Latinae
883 3467 1028 3540 tempore
1051 3455 1305 3538 praepositiones

148 3554 300 3632 quasdam
338 3574 409 3622 cum
440 3558 502 3623 alio
536 3576 612 3624 casu
645 3561 830 3626 coniunctas
858 3557 958 3624 fuisse
995 3563 1092 3636 atque
1127 3552 1305 3634 posteriore

147 3659 301 3735 tempore.
345 3654 449 3720 Plaut.
474 3656 570 3722 Mers.
594 3656 637 3737 II,
661 3663 695 3736 3,
724 3662 777 3721 12:
812 3659 876 3718 Nec
900 3659 970 3732 quid
992 3656 1078 3718 corde
1100 3673 1178 3717 nunc
1200 3653 1307 3714 consili

148 3769 256 3828 capere
280 3758 401 3830 possim,
426 3759 503 3818 Soio.
534 3755 631 3822 Mete.
656 3754 710 3835 IV,
735 3759 764 3834 3,
788 3753 1065 3820 samosataeum
1090 3754 1229 3814 1666616
1253 3770 1305 3812 no-

147 3852 204 3913 xia.
236 3851 301 3914 LY.
325 3855 392 3931 Qec
413 3856 526 3916 ucria?
555 3853 647 3918 Truc.
663 3852 706 3932 II,
730 3855 760 3930 6,
784 3855 838 3914 37:
862 3854 959 3924 Salve,
984 3853 1034 3927 qui
1055 3869 1102 3912 me
1125 3850 1306 3912 interfecisti

61 3977 67 3990 ·
148 3967 224 4022 pena
257 3959 287 4010 61
309 3953 374 4010 6116
396 3955 428 4014 61
450 3954 575 4020 lumine,
608 3950 661 4030 qui
691 3949 854 4014 ablativus
885 3965 949 4012 non
979 3945 1115 4010 multum
1144 3947 1243 4010 distat
1265 3945 1305 4010 ab

149 4061 195 4122 eo,
219 4047 274 4128 qui
297 4046 502 4126 explicandus
528 4053 578 4114 est
606 4065 665 4128 per
686 4049 764 4123 quod
789 4050 897 4108 attinet
919 4049 966 4108 ad.
1011 4043 1138 4110 Terent.
1167 4041 1305 4123 Adelph.

147 4142 205 4221 III,
230 4151 259 4223 2,
282 4147 341 4210 46:
369 4149 623 4221 6616161661666
645 4162 703 4205 666
726 4146 804 4219 potis
827 4153 961 4206 6616666
984 4160 1070 4217 quarn
1091 4143 1121 4204 in
1144 4161 1203 4218 quo
1226 4159 1305 4202 nuno

149 4246 243 4307 sitast.
