3040 4758
635 289 813 334 suuuaaruu.
1230 297 1297 352 Xffl

144 444 267 510 tudinis
290 463 320 526 p.
346 451 407 512 314
430 465 475 527 sq.
519 447 557 514 Ε.
581 447 803 514 Genitivus
826 467 856 530 p.
880 455 1056 518 315-340.
1102 452 1126 518 1.
1144 453 1192 518 Ε1
1209 455 1296 535 geni·

146 555 204 620 tivi
233 555 349 637 forma,
379 575 442 639 qua
472 558 575 624 altera
597 560 683 623 notio
705 559 738 624 in
759 557 837 626 lines
860 562 951 642 quasi
973 563 1123 643 nominis,
1155 566 1239 645 quod
1261 566 1293 630 in

148 665 290 747 genitivo
313 668 451 748 positum
474 675 532 748 asi,
555 669 708 750 recipitur
730 675 763 736 et
786 670 831 736 sio
846 671 915 736 eius
931 673 1068 740 ambitus
1084 681 1249 742 coercetur
1265 694 1293 756 p.

150 781 331 845 323-331.
348 797 374 843 1.
393 779 995 862 111111111111111111111323-328,
1020 790 1069 850 64.
1079 785 1219 852 Primum
1227 785 1296 852 eius

145 907 245 969 genus
269 893 319 955 est
340 891 496 972 genitivus
511 893 681 972 partitivus
696 911 726 974 p.
745 897 921 958 323-327,
946 898 995 958 65.
1013 893 1179 964 Genitivus
1196 897 1294 964 totius

145 1001 230 1080 quod
254 1002 356 1068 mensi
379 1021 487 1068 sumus
510 1020 540 1084 p.
565 1009 625 1069 327
649 1022 694 1084 sq.
719 1002 749 1068 b.
767 1004 935 1068 Genitivus
957 1004 1121 1084 qualitatis
1142 1012 1295 1089 11328-

144 1115 217 1176 331.
263 1115 312 1178 66.
336 1113 433 1180 Cuius
455 1115 590 1195 primunr
614 1131 712 1196 genus
736 1118 784 1180 est
807 1115 965 1196 genitivus
988 1134 1141 1196 personae
1164 1118 1215 1184 vel
1238 1119 1293 1200 rei,

148 1223 238 1288 ouius
267 1223 386 1305 aliquid
416 1226 578 1306 proprium
608 1235 657 1289 est
685 1244 714 1306 p.
739 1230 916 1291 328-330.
963 1232 1011 1292 67.
1035 1227 1201 1296 Genitivus
1221 1248 1292 1311 per-

143 1352 250 1415 sonae,
274 1353 337 1415 quo
361 1335 479 1417 gradus
501 1335 748 1416 propinquitatis
771 1338 958 1418 exprimitur
972 1357 1001 1419 p.
1019 1344 1089 1404 330.
1132 1340 1293 1405 61111111-

144 1445 230 1511 tivus
252 1447 447 1526 possessoris
469 1465 499 1528 p.
525 1450 593 1512 330.
633 1451 682 1512 69.
707 1446 873 1514 Genitivus
896 1449 1141 1530 propinquitatis
1160 1469 1292 1531 morum,

146 1557 257 1637 animi,
288 1556 405 1640 ingenii
434 1576 464 1637 p.
496 1561 673 1623 330-331.
718 1557 758 1623 ll.
788 1558 836 1624 Ea
858 1559 988 1640 genitivi
1010 1559 1124 1642 forma,
1156 1579 1218 1641 qua
1240 1580 1293 1626 ex-

143 1667 293 1748 primitur
321 1669 369 1748 11,
401 1669 485 1749 quod
515 1668 548 1733 in
577 1670 705 1734 notione
735 1671 882 1751 apposita
902 1670 986 1737 inest
1008 1691 1038 1752 p.
1063 1677 1239 1738 331-340.
1262 1693 1289 1738 a.

145 1777 312 1844 Genitivus
342 1780 529 1860 quantitatis
559 1799 589 1862 p.
619 1787 796 1848 331—334.
835 1787 883 1847 70.
914 1781 1011 1848 Cuius
1033 1784 1168 1864 primum
1192 1803 1290 1865 genus

48 1933 49 1942 .
144 1895 194 1954 ost
223 1889 382 1971 genitivus
405 1910 580 1958 mensurae
609 1912 638 1974 p.
664 1898 840 1958 331-332.
881 1898 929 1958 71.
953 1891 1120 1960 Genitivus
1142 1895 1237 1976 pretii
1261 1914 1289 1975 p.

146 2005 322 2066 332-334.
368 2007 416 2067 72.
449 2002 614 2069 Genitivus
643 2004 796 2070 materiae
824 2021 853 2085 p.
879 2008 948 2070 334.
995 2009 1044 2069 73.
1069 2006 1097 2070 b.
1122 2004 1289 2072 Genitivus

47 2197 48 2208 ἵ
152 2111 325 2192 qualitatis,
350 2113 534 2181 coniunctus
557 2134 627 2181 oum
650 2115 772 2196 verbis,
792 2113 966 2194 adiectivis,
989 2115 1171 2197 participiis.
1196 2117 1290 2182 Geni·

148 2221 226 2288 tivus
250 2225 472 2306 epexegeticus
495 2245 518 2292 s.
543 2224 722 2293 definitivus
744 2244 774 2307 p.
799 2231 976 2292 334-340,

222 2332 264 2399 Π.
288 2333 459 2417 Appeniix
482 2335 647 2402 doetrinae
670 2335 959 2412 substantivorum,
984 2338 1023 2402 de
1046 2355 1156 2404 eorum
1172 2338 1288 2420 ellipsi-

46 2531 47 2534 ,
140 2444 200 2510 bus
223 2450 257 2510 et
277 2447 476 2529 pleonasmiS,
499 2449 539 2513 de
562 2447 851 2531 praepositionibus
873 2465 903 2527 p.
921 2449 1098 2512 340—349.
1137 2443 1212 2524 Gap.
1229 2445 1288 2512 lV:

142 2556 331 2639 Ellipses
354 2565 394 2622 et
415 2558 646 2639 pleonasmi
670 2561 795 2626 subst.
819 2577 849 2639 p.
875 2561 1052 2624 340-343.
1099 2562 1125 2621 1.
1149 2555 1287 2637 Ellipses

134 2687 167 2749 p.
201 2673 377 2736 340-342.
417 2673 445 2734 2.
473 2668 651 2734 Pleonasmi
675 2689 704 2750 p.
729 2675 789 2736 342
813 2687 858 2749 sq.
904 2667 977 2750 Gap.
1001 2668 1042 2733 V:
1066 2667 1288 2748 Praeposi-

136 2778 274 2845 tiones
306 2798 335 2861 p.
377 2784 552 2847 aaa-349.
600 2786 627 2845 1.
657 2779 848 2862 Primigenia
876 2796 985 2844 earum
1015 2775 1202 2860 significatio
1231 2776 1287 2842 ad·
1342 2851 1344 2854 ,

138 2890 287 2956 verbialis
317 2909 347 2972 p.
380 2897 449 2958 343.
495 2896 523 2956 2.
547 2890 681 2973 Absque
707 2910 736 2973 p.
761 2895 831 2956 344.
878 2893 905 2954 3.
928 2887 1008 2956 siae
1030 2907 1059 2970 p.
1082 2894 1142 2954 344
1165 2906 1209 2969 aq.
1256 2894 1285 2957 4.

137 2999 228 3067 Prae
248 3021 278 3083 p.
303 3007 363 3066 345
387 3021 431 3085 sq.
469 3009 497 3068 5.
520 3001 587 3068 Pro
610 3022 639 3084 p.
665 3006 842 3067 346-349.

223 3111 280 3179 ΠΙ.
311 3113 467 3178 Dootrina
495 3112 728 3180 Pronominum.
775 3111 849 3194 Gap.
881 3111 939 3178 VI:
976 3129 1007 3194 p.
1039 3115 1216 3178 349-414,
1261 3109 1284 3176 Ι.

135 3224 326 3290 Pronomina
355 3225 549 3308 personalia,
583 3228 777 3308 possessiva,
806 3223 955 3290 refleniva
977 3241 1007 3305 p.
1032 3226 1210 3290 349-367.
1257 3229 1283 3288 1.

137 3335 358 3402 Nominativus
381 3355 468 3418 pron.
491 3356 617 3418 person.
639 3338 758 3418 primae
775 3341 807 3400 et
822 3337 979 3402 secundae
995 3352 1150 3416 personae
1166 3354 1195 3416 p.
1213 3339 1283 3399 349.

137 3453 165 3515 2.
197 3445 331 3529 Sulfixa,
361 3453 436 3528 met,
467 3452 511 3528 te,
536 3451 595 3528 pte
623 3447 662 3512 iis
692 3447 800 3512 addita
829 3466 858 3527 p.
890 3452 950 3513 349
974 3464 1020 3527 sq.
1066 3451 1092 3511 3.
1117 3445 1283 3512 Genitivus

137 3577 228 3641 pron.
251 3559 464 3641 personalium
486 3559 607 3640 primae
629 3562 661 3623 et
683 3559 840 3625 secundae
862 3575 1017 3640 personae
1040 3576 1070 3638 p.
1095 3561 1156 3622 350
1179 3573 1223 3635 sq.
1253 3562 1283 3620 4.

136 3669 303 3736 Remotius
332 3675 479 3752 spectant
508 3671 548 3734 ad
577 3687 730 3750 personas
751 3686 832 3749 quae
855 3669 893 3734 iis
916 3647 1141 3751 significantur*
1156 3686 1185 3749 p.
1211 3671 1281 3732 351.

137 3785 166 3847 5.
188 3781 324 3847 Dativus
346 3800 434 3864 pron.
458 3799 585 3862 person.
609 3799 639 3861 p.
665 3785 734 3846 351.
773 3785 800 3845 6.
824 3778 1028 3844 Pleonasmus
1050 3797 1139 3860 pron.
1155 3797 1280 3860 person.

133 3898 166 3958 et
189 3890 309 3973 ellipsis
331 3911 360 3974 p.
386 3897 456 3958 352.
496 3898 523 3956 7.
548 3893 597 3957 De
620 3889 756 3955 formula
779 3890 907 3955 obserate
928 3891 1020 3955 nobis
1040 3909 1071 3971 p.
1096 3894 1167 3955 352.
1204 3890 1282 3954 Pro·

133 4021 249 4068 nornen
275 4004 441 4085 personale
471 4003 585 4069 tertiae
613 4019 768 4084 personae
797 4002 828 4067 is
858 4021 895 4066 ea
917 4001 953 4066 iol
973 4020 1003 4083 p.
1028 4004 1206 4067 352-358,
1252 4005 1280 4066 3.

132 4115 212 4180 Ε111
235 4113 422 4194 significatio
446 4119 479 4179 et
501 4133 578 4180 usus
600 4119 825 4196 11352-315.
869 4119 896 4178 9.
912 4113 1074 4194 Repetitio
1091 4112 1281 4180 substantivi

133 4224 221 4304 apud
242 4242 329 4305 pron.
353 4226 382 4289 ia
404 4243 433 4306 p.
458 4229 527 4290 356.
564 4229 611 4290 10.
636 4224 792 4290 Neutrum
814 4241 902 4305 pron.
918 4225 948 4290 is
963 4243 994 4306 p.
1011 4230 1081 4289 356.
1115 4229 1162 4288 11.
1179 4223 1279 4303 Ellip-

129 4335 176 4403 sis
198 4352 288 4416 pron.
310 4337 341 4400 11
363 4354 393 4418 p.
418 4341 477 4402 357
501 4353 547 4420 sq.
587 4343 634 4404 13.
650 4335 839 4402 Pronomina
859 4337 1038 4418 possessiva
1052 4355 1084 4416 p.
1102 4337 1278 4399 358—360.
