3058 4766
203 253 242 312 96
633 247 783 286 SUBS'PANT.
800 247 861 287 (ΙΑΡ.
878 247 920 286 111.

203 417 256 496 IV,
282 423 310 496 7,
339 422 394 482 52:
429 427 517 496 atque
547 431 579 481 nt
606 441 717 483 ωσσκω
745 425 880 483 mitteres
908 423 1107 482 Phoenicium.
1153 417 1207 496 Ν,
1236 423 1265 497 2,
1298 423 1355 483 55:

203 537 268 578 σκω
299 535 330 577 co
362 519 461 578 simitu
491 521 645 580 mulierem
673 522 751 580 mitti
778 525 853 582 volo.
897 519 940 597 11,
965 524 993 598 2,
1017 523 1070 582 55:
1104 537 1169 579 σκω
1196 535 1228 576 σο
1257 519 1357 580 aiebat

203 620 280 677 velle
303 617 382 676 mitti
403 619 566 678 mulierem.
611 616 725 680 Pseud.
749 635 777 678 v,
803 621 901 680 1122:
925 620 1043 678 amittet
1069 618 1222 688 mulierem
1245 633 1358 675 ωσσκω

204 716 307 773 semul.
341 711 454 776 Pseud.
468 712 522 790 IV,
547 720 575 792 7,
600 719 633 778 9:
655 733 720 775 σωκ
742 717 789 776 his
811 734 866 776 noc
889 718 972 776 locus
995 715 1070 774 Mihi
1092 731 1148 774 nee
1171 729 1269 774 sermo
1287 729 1357 771 con·

204 818 293 875 venit.
338 812 453 876 Pseud.
477 830 505 875 v.
533 815 627 876 1034:
661 814 692 874 Si
721 832 779 873 non
810 815 918 873 educat
943 815 1097 872 mulierem
1124 827 1221 871 σσσωκ
1252 811 1355 870 semul.

203 911 318 975 Pseud.
343 910 397 986 IV,
421 914 528 988 2,.12:
552 914 603 986 qui
623 929 691 971 σωκ
713 912 854 984 hirquino
877 911 971 969 barbo
993 916 1081 970 astas.
1118 906 1143 987 I,
1169 913 1198 988 3,
1221 912 1275 973 98:
1298 909 1356 966 La·

206 1013 271 1071 nios
294 1011 363 1070 inde
386 1027 537 1070 arcessam
561 1010 617 1068 duo
643 1027 708 1069 σωκ
730 1008 947 1067 annonarios.
984 1024 1011 1070 v.
1031 1011 1105 1070 142:
1129 1026 1195 1068 σωκ
1215 1008 1266 1066 illo
1288 1023 1356 1082 per·

205 1109 308 1168 didere
331 1108 428 1168 iidem.
473 1104 588 1169 Caecil.
613 1105 691 1170 Stat.
715 1103 848 1169 Aethrio
868 1102 907 1167 fr.
929 1109 966 1168 4:
1004 1106 1078 1167 Οκω
1099 1105 1252 1166 Mercurio
1276 1106 1358 1178 capit

205 1208 368 1267 consilinm.
415 1201 643 1266 Pausimachus
665 1201 703 1266 fr.
725 1211 759 1266 4:
794 1206 850 1265 hoc
873 1223 891 1265 a
913 1211 943 1264 te
966 1206 1099 1278 poscito,
1135 1206 1179 1263 Nc
1208 1219 1273 1262 σωκ
1294 1219 1358 1262 oreo

203 1308 294 1377 pacto
315 1307 444 1378 posthac
466 1304 595 1363 limassis
620 1311 716 1377 caput.
749 1300 890 1364 Plocium
906 1299 943 1364 fr.
964 1306 991 1379 Ι,
1014 1305 1135 1363 v·.149:
1158 1303 1263 1360 Eume
1279 1302 1356 1360 clam

135 1467 140 1486 Ι
205 1419 237 1462 se
266 1419 331 1460 σκω
352 1401 552 1460 marcocella
578 1403 621 1458 ait
652 1408 834 1460 consuetum.
878 1398 915 1462 fr.
940 1406 969 1476 9,
993 1416 1020 1459 v.
1048 1404 1122 1461 174:
1156 1401 1181 1459 si
1208 1401 1249 1456 nil
1273 1399 1354 1472 quic·

207 1517 295 1575 quam
319 1501 400 1558 aliud
422 1501 475 1561 riti
500 1498 648 1572 Adportes
672 1503 773 1558 Ισσωκ.
818 1496 926 1560 Titthe
941 1495 978 1560 fr.
996 1501 1029 1560 2:
1053 1515 1127 1572 egon
1150 1499 1238 1556 vitam
1262 1513 1356 1554 meam

207 1599 337 1657 Atticam
361 1597 537 1657 contendam
566 1594 608 1668 (h.
633 1613 659 1659 e.
680 1600 871 1674 comparem)
899 1613 964 1656 σκω
989 1596 1064 1656 istoc
1090 1596 1259 1660 rusticana,
1291 1609 1358 1651 mea

208 1694 307 1769 Syra?
351 1692 478 1756 Terent.
503 1692 616 1756 Heaut.
640 1691 665 1770 Ι,
691 1695 718 1769 2,
743 1702 770 1756 9.
804 1691 931 1756 Phorm.
953 1691 978 1771 Ι,
1004 1699 1032 1771 3,
1058 1695 1109 1755 19:
1142 1691 1227 1765 Quod
1256 1693 1281 1750 si
1303 1691 1359 1749 tibi

205 1809 255 1852 res
280 1793 319 1852 sit
342 1809 408 1851 σκω
430 1809 461 1850 eo
485 1793 585 1850 Ισκσκσ
606 1808 729 1864 σκωσκω
751 1792 865 1864 mihist,
899 1799 961 1850 tum
989 1794 1101 1852 sentias
1130 1790 1170 1865 (v.
1194 1787 1288 1850 Herz.
1317 1784 1360 1847 ad

207 1884 296 1951 Caes.
319 1905 349 1966 p.
375 1891 459 1962 507).
503 1887 585 1951 Eun.
608 1886 633 1965 Ι,
656 1890 685 1965 2,
710 1892 764 1952 39:
798 1891 862 1964 Ego
884 1889 1034 1956 camillo,
1067 1906 1189 1962 quocum
1216 1894 1276 1945 tum
1299 1901 1359 1944 κκσ

206 2003 270 2046 rem
293 1987 437 2045 habebam
468 1987 607 2065 cosmo„
625 1988 694 2046 Abii
724 1988 790 2046 huc.
836 1985 912 2049 Hec.
936 1984 991 2064 IV,
1022 1991 1051 2064 4,
1077 1989 1130 2048 96:
1166 1989 1192 2045 si
1219 2003 1284 2044 σωκ
1305 1983 1360 2042 illo

207 2085 345 2144 habuerit
367 2101 428 2142 rem
453 2093 567 2158 postca.
612 2081 689 2146 Hec.
718 2081 776 2160 III,
801 2088 829 2161 3,
855 2087 908 2146 21:
943 2089 1027 2146 Hanc
1056 2087 1166 2146 habere
1194 2086 1359 2144 orationem

206 2199 318 2242 meorum
340 2183 488 2256 principio
510 2183 622 2241 institit
644 2182 684 2257 (v.
706 2180 799 2244 Herz.
824 2181 865 2244 ad
888 2180 978 2246 Caes.
1001 2200 1032 2262 p.
1055 2183 1141 2257 466).
1186 2179 1243 2244 Ad.
1261 2179 1303 2256 ΙΙ,
1327 2183 1358 2256 4,

209 2281 266 2342 2οτ
290 2287 322 2338 tu
344 2296 410 2339 σωκ
430 2279 485 2337 ilia
507 2285 536 2338 te
560 2281 639 2340 intus
663 2282 782 2341 oblecta
804 2283 930 2341 interim.
965 2279 1002 2359 V,
1020 2285 1048 2358 3,
1066 2286 1121 2344 54:
1144 2298 1193 2340 rus
1210 2297 1277 2339 crus
1293 2297 1361 2338 σωκ

209 2377 274 2450 filio
297 2378 368 2436 Cum
392 2380 487 2451 primo
510 2381 580 2438 lucu
602 2380 650 2439 ibo
674 2380 750 2439 hinc.
785 2376 981 2457 Eun.1v‚2,
1001 2383 1030 2443 1:
1055 2381 1140 2454 coepi
1164 2385 1280 2454 egomet
1301 2395 1359 2436 ωσ-

208 2491 274 2534 cum
295 2505 338 2516 -
361 2477 501 2549 cogitare.
545 2472 671 2538 Phorm.
695 2473 737 2551 ΙΙ,
762 2481 789 2553 1,
816 2479 868 2538 Ι2;
892 2479 1034 2538 Meditari
1055 2495 1159 2538 secam.
1204 2474 1302 2538 Andr.
1331 2472 1357 2550 Ι,

212 2575 238 2648 l,
262 2574 315 2632 66:
339 2575 389 2646 qui
404 2590 469 2631 σωκ
488 2574 615 2646 inperitia
629 2573 818 2634 conflictatur
839 2578 903 2635 eius
919 2577 1005 2635 modi.
1049 2572 1224 2651 Phorm.V,
1248 2576 1276 2650 3,
1301 2575 1357 2635 34:

209 2677 326 2744 gnatam
350 2672 449 2729 inveni
471 2678 593 2747 nuptam
616 2689 681 2730 σκω
704 2677 752 2731 too
775 2674 845 2745 atio.
880 2671 957 2736 Hec.
973 2671 1027 2748 IV,
1050 2675 1080 2748 4,
1104 2675 1158 2735 34:
1184 2672 1223 2749 (si
1238 2705 1280 2714 -
1296 2674 1357 2731 vel·

208 2771 252 2828 let
273 2772 325 2838 -i
350 2785 381 2828 se
406 2787 470 2828 esse
493 2785 604 2828 ωσσωκ
627 2777 757 2844 nuptam.
804 2770 880 2834 Hec.
904 2767 958 2848 Ν,
985 2773 1011 2847 1,
1040 2773 1093 2833 Ι9;
1118 2778 1197 2830 esset
1219 2787 1283 2828 σωκ
1304 2769 1356 2826 itio

209 2874 311 2941 nupta.
349 2865 474 2928 Phorm.
492 2863 534 2941 ΙΙ,
559 2871 585 2941 i,
611 2871 663 2929 74:
688 2871 772 2943 Egon
795 2872 875 2929 illam
899 2886 965 2928 σκω
986 2869 1038 2928 illo
1060 2877 1093 2928 ut
1115 2869 1212 2944 patiar
1234 2874 1356 2940 nuptam

209 2982 298 3024 unum
322 2964 420 3023 diem?
465 2961 536 3026 Huc
551 2961 710 3027 referendi
726 2969 800 3028 sunt
815 2967 910 3030 etiam
927 2983 1035 3029 omnes
1057 2964 1080 3028 ii
1099 2964 1169 3042 loci,
1191 2963 1247 3027 uhi
1265 2978 1358 3042 prae

208 3060 324 3140 positio
348 3081 414 3123 σωκ
436 3060 603 3124 coniuncta
634 3066 685 3124 est
706 3078 776 3125 cum
806 3063 927 3143 verbis,
960 3079 1041 3142 quae
1069 3062 1196 3142 proprie
1223 3059 1359 3140 simplici

210 3175 287 3222 casu
310 3159 458 3239 coniungi
484 3157 597 3237 solent,
621 3175 683 3238 quo
708 3175 803 3239 saepe
832 3159 914 3224 actio
937 3165 1047 3225 mutua
1069 3160 1263 3242 exprimitur.
1307 3155 1359 3222 Sic

165 3263 172 3279 ·
209 3254 303 3318 Ennii
318 3257 419 3320 annul.
436 3257 456 3320 l.
474 3256 498 3335 Ι,
515 3256 553 3320 fr.
570 3260 625 3320 18:
648 3259 692 3317 Tu
714 3277 785 3320 vero
808 3257 873 3320 face
896 3263 974 3336 qnod
997 3265 1090 3320 tecam
1110 3261 1249 3336 precibus
1270 3264 1357 3333 pater

209 3359 283 3414 orat.
326 3351 430 3418 Plaut.
457 3354 571 3434 Amph.
599 3352 625 3435 I,
656 3361 681 3432 l,
708 3359 782 3419 139:
821 3359 878 3431 Qui
907 3359 1063 3432 conplexus
1097 3376 1164 3418 σκω
1191 3356 1357 3417 Alcumena

209 3454 297 3512 cubat
320 3470 430 3526 amans,
455 3455 552 3513 animo
575 3471 753 3529 opscqnens,
776 3453 831 3517 ubi
855 3473 920 3515 enm
943 3459 1009 3517 Alc.
1033 3471 1094 3517 non
1116 3453 1156 3517 ad
1180 3458 1276 3526 cubat,
1300 3451 1357 3516 sed

209 3547 250 3612 ad
273 3553 434 3624 conplexus
463 3548 590 3613 ridetur
612 3548 822 3630 referendum,
845 3569 917 3614 nam
941 3555 1030 3616 extat
1050 3549 1139 3616 locus
1161 3551 1270 3615 similis
1292 3548 1359 3614 Mil.

208 3643 288 3724 glor.
312 3645 354 3723 II,
379 3649 407 3725 2,
431 3650 485 3710 9οε

296 3751 424 3821 Argucm
448 3747 524 3805 hanc
547 3747 656 3808 vidisse
677 3755 749 3824 aput
771 3755 801 3809 te
824 3757 930 3810 contra
950 3766 1123 3810 conservom
1145 3767 1241 3809 mcum

297 3845 370 3904 Οκω
391 3861 444 3904 cao
462 3849 597 3904 ωκσΙσνσ
617 3847 830 3919 amplexantem
851 3853 939 3921 atque
960 3848 1170 3907 σωσκΙκκΙσω.

210 3937 248 4004 cf.
271 3945 298 4018 3,
322 3943 372 4006 49ss
395 3940 436 4004 ih.
459 3959 486 4003 r.
505 3945 558 4004 67:
582 3947 785 4004 maculantem
799 3963 916 4007 -cnm
940 3947 1037 4005 alieno
1058 3946 1132 4019 viro,
1155 3944 1211 4008 ubi
1229 3943 1363 4008 verbum

211 4043 345 4100 osculari
366 4039 529 4120 reciproca
552 4036 778 4118 significatione
800 4040 940 4121 positum
964 4048 1028 4120 est,
1061 4041 1107 4104 ita
1134 4046 1171 4104 ut
1202 4041 1284 4107 ectio
1307 4057 1363 4104 cx·

212 4136 368 4215 primatnr
390 4142 517 4215 mutua,
540 4135 623 4200 sicut
645 4136 740 4200 etiam
763 4143 797 4216 2,
827 4141 868 4202 88
891 4142 923 4201 et
944 4143 980 4215 4,
1012 4142 1049 4202 13
1072 4155 1118 4217 sq.
1163 4138 1278 4203 Bacch.
1302 4135 1362 4216 ΙΙΙ,

211 4237 241 4312 s,
261 4237 300 4298 35
325 4250 386 4314 sq.:
415 4238 473 4297 nisi
495 4253 560 4296 σωκ
581 4235 637 4294 tila
658 4265 697 4278 —
722 4239 893 4310 Occupercs
918 4243 981 4296 tute
1004 4237 1068 4311 ipse
1091 4254 1204 4300 umore.
1247 4235 1362 4300 Pseud.
