3058 4766
226 251 287 307 156
654 239 808 280 sumantur.
829 239 892 281 041².
906 239 947 280 m.

223 431 252 476 v.
271 419 345 478 150:
370 417 426 476 lta.
470 413 661 494 Progamos:
685 417 740 488 Ita,
763 413 840 477 item
857 411 1036 494 Synephebi
1057 409 1096 474 fr.
1115 415 1141 486 1,
1164 428 1194 472 v.
1212 411 1289 484 2083
1312 407 1377 470 Ae·

222 511 310 577 thrio
331 509 371 576 ir.
395 517 423 575 2.
459 510 670 594 Androgynos
697 510 736 578 ir.
762 517 793 576 l:
826 513 871 571 ita
891 517 926 572 at
954 516 1038 573 solet.
1083 505 1248 586 Epicleros
1278 503 1316 568 ir.
1347 509 1377 584 1,

223 628 253 673 v.
271 615 311 674 30
326 627 386 689 sq.;
404 611 495 670 Itane
509 613 643 687 Antipho
659 612 809 670 invenitur
823 609 1031 688 pecuniamne,
1052 609 1171 668 Itunest
1186 607 1376 677 immemoris,

223 707 337 770 itanest
358 710 477 768 madida
497 708 660 770 memoria?
702 705 936 786 mpismthmos:
965 711 1009 767 ita
1036 705 1144 766 celeris
1167 709 1222 764 est.
1267 699 1377 764 imbrii

224 801 262 868 ir.
284 807 303 868 8
325 811 375 867 ita.
421 805 549 868 Terent
569 803 703 884 Adelph.
723 802 767 883 ΙΙ,
791 809 818 884 1,
842 810 874 868 7:
903 810 944 868 At
964 808 1017 882 aaa,
1040 809 1075 864 at
1095 819 1217 877 usquam
1240 799 1296 859 luit
1317 799 1376 858 fida

225 907 378 979 quisquam
401 911 528 978 optume.
573 901 651 966 Hee.
674 902 754 982 prol.
778 907 806 980 1,
828 920 856 968 v.
880 908 915 967 4:
938 905 990 964 Ita
1011 905 1139 977 populus
1163 899 1260 958 studio
1283 897 1376 970 stupi-

226 1003 280 1062 dus
308 1003 338 1061 in
368 1001 538 1061 funambulo
567 1003 705 1062 Animum
733 1009 904 1076 occuparet.
949 996 1083 1078 Adelph.
1109 996 1135 1076 I,
1159 999 1188 1073 2,
1212 999 1267 1059 63:
1300 997 1377 1054 Nam

226 1101 300 1158 itast
322 1101 418 1159 homo.
453 1095 578 1161 Phorm.
595 1096 621 1174 I,
638 1102 667 1175 3,
689 1101 746 1160 20:
768 1099 821 1158 Ita
842 1101 977 1174 plerique
1001 1116 1103 1158 omnes
1126 1113 1225 1157 sumus
1247 1093 1375 1168 iugenio.

167 1275 173 1282 ι
226 1193 359 1274 Adelph.
382 1193 437 1273 IV,
460 1199 488 1273 7,
513 1198 642 1258 21:1ca
668 1201 759 1258 vitast
781 1200 939 1256 hominum.
971 1195 1050 1258 Eun.
1073 1191 1112 1271 V,
1135 1196 1164 1271 8,
1189 1194 1244 1254 28;
1266 1191 1376 1250 Itane?

227 1292 326 1355 Andr.
349 1291 374 1369 Ι,
398 1297 427 1372 5,
450 1297 484 1356 8:
517 1295 608 1354 Itane
637 1293 779 1356 obstinate
806 1297 858 1356 dat
885 1313 1014 1370 operam.
1060 1290 1157 1356 Andr.
1180 1287 1239 1366 ΙΙΙ,
1270 1292 1298 1366 3,
1323 1291 1376 1350 18:

225 1394 318 1453 Immo
338 1395 383 1451 itu
404 1395 470 1454 volo
490 1395 592 1468 itaque
615 1396 734 1467 postulo
755 1400 787 1453 nt
809 1393 870 1453 fiat.
900 1391 980 1456 Eun.
997 1389 1040 1469 Il,
1057 1396 1085 1468 3,
1102 1393 1156 1452 26:
1179 1391 1283 1469 Itaque
1307 1409 1377 1468 ergo

226 1499 363 1550 mentun
386 1487 457 1563 (hoc
479 1495 586 1554 eutem
609 1489 678 1553 loco
700 1491 800 1564 itaque
820 1507 883 1553 non
907 1496 956 1554 est
977 1496 1006 1551 et
1025 1493 1084 1558 ata,
1117 1489 1226 1552 sedin
1250 1487 1377 1552 coniun-

223 1586 360 1652 ctionem
391 1604 425 1650 se
448 1587 605 1650 convertit
627 1583 857 1666 significatione
887 1607 969 1663 erpo,
1002 1587 1115 1662 amtor).
1161 1585 1242 1650 Eun.
1270 1585 1325 1666 lV,
1349 1591 1376 1663 7,

225 1691 281 1748 44:
308 1687 353 1745 ita
373 1691 408 1744 at
428 1686 516 1746 fortis
540 1689 628 1746 decet
649 1687 779 1759 Milites,
804 1687 881 1746 domi
904 1687 1021 1762 locique
1045 1687 1093 1746 iac
1115 1686 1244 1746 meusim
1265 1693 1297 1746 ut
1318 1703 1376 1744 me-

225 1785 357 1844 mineris
380 1779 563 1860 Usurpetur
576 1784 621 1841 tua
636 1781 731 1844 etiam
747 1783 778 1845 in
795 1781 930 1861 simplici
944 1780 1155 1847 affirmatione
1171 1799 1195 1846 s
1212 1799 1374 1860 responso.

226 1879 278 1944 Sic
302 1877 406 1943 Plaut.
429 1879 523 1943 Most.
547 1878 590 1958 ΙΙ,
614 1883 643 1958 2,
667 1883 715 1942 60.
739 1879 794 1959 IV,
819 1885 848 1956 2,
876 1883 925 1944 56.
957 1879 1071 1944 Pseud.
1093 1879 1119 1959 I,
1143 1886 1171 1958 5,
1196 1884 1245 1944 72.
1268 1878 1325 1960 IV,
1349 1885 1377 1960 7,

229 1979 278 2040 57.
307 1974 418 2056 Amph.
436 1975 462 2056 Ι,
489 1982 515 2056 l,
538 1981 615 2040 254:
638 1977 691 2036 Ita
713 1981 872 2041 enimvero.
908 1977 1073 2057 Ι,1,206;
1096 1981 1229 2041 Haecine
1253 1985 1305 2039 tua
1327 1981 1377 2040 do-

225 2076 325 2136 must?
370 2073 428 2139 SO.
451 2077 504 2135 Itu
526 2079 655 2150 inquam.
699 2073 894 2140 Menaechm.
918 2076 957 2155 V,
981 2081 1010 2153 9,
1034 2081 1088 2139 37:
1118 2080 1171 2138 Ita
1192 2095 1277 2150 vero,
1301 2077 1377 2139 item

225 2171 264 2250 V,
295 2176 324 2250 9,
354 2177 404 2236 49.
450 2170 577 2236 Terent.
608 2171 705 2236 Andr.
737 2172 774 2250 V,
806 2179 836 2252 2,
864 2178 898 2237 8:
938 2177 1014 2249 Quid
1046 2177 1114 2237 istic
1146 2177 1201 2236 tihi
1230 2174 1378 2249 negotist?

224 2269 293 2334 DA.
325 2267 441 2332 Mihin?
485 2268 532 2334 sl.
566 2271 627 2334 Ita.
671 2271 795 2336 Deinde
823 2272 918 2336 ctiam
946 2273 978 2336 in
1008 2272 1088 2337 votis
1117 2276 1149 2336 et
1176 2271 1208 2334 in
1233 2269 1379 2334 formulis

227 2353 432 2432 asseverundi
454 2371 488 2430 et
513 2367 648 2432 iurandi.
694 2367 745 2433 Sic
766 2367 870 2433 Plaut.
894 2368 988 2434 Most.
1012 2369 1037 2449 Ι,
1062 2375 1091 2449 3,
1115 2376 1168 2434 25:
1201 2371 1254 2430 Itu
1281 2376 1312 2430 tu
1334 2387 1379 2430 me
1505 2366 1506 2369 ’

229 2485 322 2543 ames,
351 2469 396 2527 aa
424 2469 613 2527 Philolaches
641 2474 708 2530 tuus
733 2477 763 2527 te
787 2477 880 2546 amet,
909 2476 945 2530 at
970 2469 1127 2531 venusta's.
1171 2465 1266 2531 Poen.
1291 2467 1329 2546 V,
1349 2472 1380 2546 4,

225 2580 255 2626 v.
278 2568 318 2627 49
330 2569 420 2627 -d2z

291 2665 400 2724 Patrue
423 2665 473 2738 mi,
495 2665 540 2722 a'ta
561 2681 607 2723 me
631 2665 661 2724 di
683 2667 831 2737 amabunt,
855 2669 890 2725 ai
910 2683 973 2740 ego,
998 2666 1022 2724 si
1046 2666 1099 2724 sim
1123 2665 1271 2739 luppiter,

290 2764 352 2821 Iam
376 2763 478 2822 hercle
501 2763 592 2821 illanc
616 2780 736 2824 uxorem
759 2765 864 2822 ducam
887 2770 916 2822 et
939 2765 1082 2822 Iunonem
1104 2763 1258 2822 extrudam
1281 2759 1375 2821 ieras!

291 2861 333 2921 Ut
347 2859 456 2933 predico
479 2859 569 2920 verba
590 2861 672 2932 iecit,
696 2861 818 2933 capitata
840 2868 871 2920 et
893 2861 1053 2920 commode!

292 2958 334 3018 Ut
353 2957 477 3016 modeste
499 2959 663 3019 orationem
685 2959 840 3032 praebuit!

291 3071 320 3117 v.
343 3057 400 3118 89:
423 3057 464 3115 At
485 3057 553 3116 med
574 3055 619 3113 lta
642 3057 671 3114 di
693 3063 821 3127 servent,
847 3057 888 3116 Ut
908 3061 995 3129 pater
1018 3062 1065 3116 est
1086 3057 1199 3115 voster!

226 3151 319 3217 Most.
342 3151 385 3232 II,
410 3156 438 3229 1,
463 3154 520 3215 51:
551 3152 604 3213 Ita
625 3154 677 3212 ille
700 3151 775 3212 faxit
797 3154 941 3228 Iuppiter.
986 3150 1083 3215 Merc.
1107 3150 1162 3230 IV,
1186 3157 1216 3231 4,
1240 3155 1295 3214 22:
1324 3154 1376 3212 Ila

226 3268 272 3311 me
295 3253 406 3311 amabit
427 3251 571 3326 Iuppiter,
595 3251 686 3324 Uxor,
709 3255 744 3310 ut
765 3267 819 3325 ego
842 3252 915 3310 illud
939 3269 1094 3326 numquam
1118 3252 1187 3312 dixi.
1232 3247 1317 3313 Trin.
1333 3221 1375 3327 ῘΙ,

226 3352 256 3426 4,
268 3349 324 3410 46:
341 3349 386 3407 iia
399 3365 445 3407 me
462 3349 574 3408 amabit
588 3349 734 3425 Iuppiter,
749 3350 854 3425 Neque
870 3355 900 3408 te
917 3349 1047 3409 derisam
1062 3351 1240 3424 veniaeque
1256 3350 1373 3424 dignum

226 3455 308 3520 puto.
354 3443 443 3522 Capi.
467 3443 526 3523 III,
549 3452 580 3522 4,
603 3448 660 3508 89:
697 3449 739 3506 At
764 3447 809 3505 ita
829 3465 876 3506 me
898 3465 952 3507 rex
976 3449 1096 3508 deorum
1119 3453 1206 3522 atque
1228 3448 1374 3508 hominum

226 3542 302 3602 faxit
323 3546 438 3616 petrino
462 3551 637 3618 conpotem,
668 3545 710 3605 Ut
727 3545 795 3605 istic
817 3546 1002 3608 Philocrates
1023 3562 1081 3605 non
1109 3547 1204 3619 mepte
1221 3553 1267 3605 est
1288 3559 1373 3620 quam

223 3647 276 3700 aut
298 3657 353 3716 ego
375 3648 427 3699 aut
450 3645 497 3712 tu,
520 3638 612 3718 adq.
635 3638 655 3703 l.
683 3642 745 3705 vid.
760 3640 903 3706 Lindem.
919 3642 973 3720 IV,
998 3647 1027 3719 2,
1051 3646 1105 3706 97;
1127 3644 1180 3702 Ito
1198 3659 1245 3702 ma
1267 3643 1375 3702 amabit

222 3745 327 3798 saneta
347 3739 509 3815 Saturitas,
531 3739 637 3814 Hegio,
658 3741 760 3816 itaque
783 3759 836 3801 suo
859 3759 904 3800 me
927 3759 1044 3817 semper
1066 3743 1246 3801 condecoret
1268 3757 1374 3815 cogno·

221 3839 310 3911 mins,
336 3838 377 3898 Ua
391 3853 445 3910 ego
461 3835 530 3909 vidi,
553 3833 595 3898 ad
609 3853 638 3914 q.
654 3835 673 3898 l.
690 3835 830 3900 Lindem.
848 3836 927 3902 haec
941 3837 1056 3902 hahet:
1081 3836 1204 3917 „Saepe
1217 3835 1374 3899 omittitur

221 3937 256 3993 at
277 3936 310 3995 et
329 3951 368 3996 ex
388 3933 619 3997 sententiarum
642 3951 726 3997 nexu
739 3933 930 4015 intelligitur
948 3943 1005 3998 aut
1024 3934 1093 3999 eliis
1110 3933 1277 4015 particulis
1292 3949 1374 3996 cmm·

225 4037 387 4108 pensatur.
412 4031 519 4095 Veluti
534 4029 600 4095 Mil.
623 4029 664 4111 gl.
681 4030 722 4111 11,
739 4036 768 4111 6,
786 4037 841 4095 21:
867 4039 908 4094 hu
928 4035 974 4093 ita
995 4051 1040 4094 me
1064 4037 1095 4094 di
1116 4037 1250 4108 deaeque
1273 4050 1373 4094 ornnes

226 4139 336 4204 ament,
359 4131 426 4192 Nisi
447 4126 542 4193 cett.“
575 4127 690 4192 Pseud.
705 4147 734 4192 v.
752 4133 813 4193 243
829 4146 891 4208 sq.:
910 4132 963 4190 Ita
981 4148 1030 4190 me
1053 4133 1084 4190 rii
1104 4137 1213 4193 ament.
1253 4127 1300 4192 SI.
1322 4127 1375 4188 raa

221 4244 280 4290 nou
303 4227 417 4289 facient
438 4261 481 4271 -
502 4225 559 4290 PS.
592 4228 635 4290 Ut
654 4244 709 4304 ego
731 4229 769 4288 ob
791 4236 872 4287 tuam
889 4240 926 4274 ἐκ
944 4229 1101 4303 peu-rtrum
1121 4237 1153 4288 te
1177 4246 1251 4288 arno.
1276 4225 1371 4290 Most.
