3070 4758
494 297 633 338 ELLIPSES
647 295 686 336 ΕΤ
700 291 869 336 annonam
882 292 1039 332 SUBSTANT.
1286 299 1345 358 341

194 473 232 532 ad
251 474 384 548 Dianae,
419 470 449 535 h.
474 490 501 536 e.
525 471 644 536 aedem.
688 469 760 535 Non
789 487 863 534 rara
899 471 949 531 est
978 464 1100 546 ellipsis
1125 465 1158 529 in
1186 465 1349 530 veteribus

191 567 361 634 comoediis
383 587 412 634 v.
436 589 545 633 serras.
593 569 643 635 Sic
665 568 768 633 Plora.
793 564 884 631 Cure.
908 563 949 644 H,
976 570 1003 645 1,
1029 569 1082 629 15:
1105 567 1200 626 Estne
1223 567 1270 628 hic
1292 567 1348 626 Pa-

189 669 304 728 linurus
319 669 519 728 Phaedromi?
542 686 583 732 so.
609 686 729 732 servus.
768 662 883 743 Amph.
903 663 929 743 l,
955 667 982 740 1,
1007 667 1077 726 255.
1101 660 1226 726 Terent.
1250 662 1347 726 Andr.

189 763 232 843 II,
257 767 286 842 2,
311 769 369 829 20:
402 767 480 828 forte
504 769 545 828 ibi
568 769 657 828 haias
679 767 765 827 video
793 763 945 839 Byrriam,
980 759 1009 824 b.
1034 779 1060 824 e.
1091 759 1185 825 buius
1212 777 1347 825 servum.

189 861 305 925 Heaut.
324 861 383 942 ΙΙΙ,
403 869 429 942 I,
447 867 503 927 64:
527 867 621 940 Syrus
645 884 710 925 cum
733 866 786 924 illo
809 869 909 922 vostro
933 870 1156 934 consusurrant,
1180 877 1222 924 sc.
1247 877 1346 923 servo.

191 958 389 1038 Frequentes
413 965 446 1025 et
468 965 563 1024 notae
588 967 662 1024 sunt
686 959 813 1040 ellipses
836 961 887 1020 aaa
910 955 969 1038 (sic
990 962 1070 1017 recta
1092 975 1116 1020 c.
1141 963 1168 1035 3,
1193 957 1220 1034 ἕ.
1248 957 1298 1033 13)
1323 975 1347 1022 s.

189 1062 282 1128 rado,
314 1057 397 1122 unde
425 1057 624 1123 adverbiales
647 1056 720 1120 illae
742 1056 915 1121 locutiones
937 1059 1032 1119 natae
1062 1059 1151 1134 sunt,
1181 1075 1255 1132 qao,
1285 1058 1349 1124 hac,

188 1159 256 1226 illa,
278 1159 361 1225 illoc,
383 1159 472 1226 istoc,
501 1156 634 1235 simileS,
656 1175 733 1230 pars
756 1155 814 1230 (sic
836 1153 939 1218 Plaut.
964 1151 1060 1218 Stich.
1083 1151 1126 1232 ΙΙ,
1151 1158 1179 1233 2,
1204 1157 1243 1217 62
1266 1156 1349 1215 daca-

190 1253 303 1332 mam),
338 1273 445 1315 manas
468 1251 559 1321 (Eun.
583 1257 664 1334 trag.
691 1257 752 1318 380
775 1255 832 1314 hae
853 1254 958 1314 dextra
980 1253 1102 1322 occides,
1130 1250 1233 1316 Plano.
1258 1249 1347 1331 Gapt.

189 1349 233 1430 II,
258 1357 286 1429 3,
311 1354 368 1414 82:
403 1355 486 1412 Haec
509 1372 564 1427 per
584 1356 736 1414 dexteram
766 1359 847 1412 tuam
875 1358 905 1411 te
929 1351 1054 1411 dextera
1081 1353 1214 1412 retinens
1241 1354 1348 1426 manu).

189 1448 344 1513 Addimus
372 1455 483 1523 tempas
504 1447 607 1513 Plaut.
631 1448 727 1512 Most.
751 1447 777 1525 Ι,
801 1452 830 1527 3,
855 1451 887 1510 3:
923 1449 1056 1510 Eventus
1079 1450 1168 1509 rebus
1191 1452 1349 1523 omnibust,

190 1550 272 1608 velut
294 1549 387 1608 borao
409 1550 514 1611 messis
536 1555 681 1624 magnast,
705 1546 745 1610 ad
761 1563 789 1624 q.
806 1545 825 1608 Ι.
843 1544 990 1610 Tarba:
1012 1547 1169 1616 „Horarum
1184 1550 1242 1624 est,
1265 1547 1351 1626 quod

191 1648 331 1707 aetatem
362 1645 456 1711 unius
487 1645 562 1709 anni
590 1644 730 1709 nondum
752 1643 884 1707 excedit.
929 1641 1062 1706 Plautus
1091 1643 1190 1723 igitur
1214 1643 1353 1723 eleganti

193 1758 339 1806 sermone
361 1746 489 1804 aaaron
510 1741 562 1807 hic
584 1760 740 1806 annonam
765 1741 831 1805 sive
854 1759 992 1805 annuum
1015 1744 1204 1820 proventum
1226 1737 1351 1822 troges-

193 1856 256 1919 que
279 1846 381 1905 vocat.
419 1839 500 1904 Nam
522 1857 638 1921 magna
657 1839 771 1903 messis
795 1856 936 1903 annonae
955 1837 1156 1902 felicissimus
1176 1845 1350 1918 proventus

193 1941 251 2001 est.
296 1938 340 2002 Et
361 1943 467 2000 Hormo
490 1938 618 2016 quidem
639 1937 747 2001 Lamb.
782 1936 910 2017 accipit,
940 1941 977 2000 ut
999 1936 1041 2000 sit
1063 1935 1159 2000 dandi
1180 1954 1287 2016 casus,
1317 1939 1354 1999 at

192 2031 277 2098 Cam.
302 2036 545 2116 adverbialiter,
579 2039 617 2098 ut
639 2033 681 2098 sit
703 2037 757 2096 hoo
780 2053 866 2097 arao.
910 2033 1006 2098 Dicat
1034 2034 1134 2114 igitur
1156 2033 1281 2114 Scapha
1303 2035 1352 2098 in·

191 2137 334 2213 terprete
364 2134 399 2198 L.
425 2132 697 2209 Quemadmodum
728 2133 841 2196 messis
870 2149 987 2212 magna
1012 2130 1158 2212 frugibus
1180 2132 1232 2196 vel
1254 2151 1350 2196 anno-

191 2248 251 2295 nae
273 2231 367 2297 huius
391 2232 465 2297 anni
487 2231 667 2312 respondIt,
701 2228 748 2294 ita
776 2234 908 2295 eventus
933 2230 1031 2293 rebus
1059 2229 1178 2294 nostris
1206 2231 1352 2296 omnibus

192 2325 254 2391 fuit
280 2331 446 2394 secundus.
492 2326 658 2410 Significat
681 2345 715 2392 sc
739 2329 896 2392 exanimi
919 2327 1077 2392 sententia
1100 2327 1247 2392 lavisse.“
1294 2328 1352 2394 Ca·

191 2426 321 2489 merarii
344 2426 504 2491 sententia
525 2423 701 2506 simplicior
725 2430 758 2489 ct
779 2443 856 2490 vera
879 2430 937 2492 est.
968 2429 1076 2488 Vtram
1091 2424 1193 2489 Plaut.
1210 2426 1275 2491 Mil.
1292 2427 1352 2508 ΙΙΙ,

200 2526 229 2601 2,
255 2528 311 2586 11:
345 2527 539 2600 Deprompsit
560 2528 681 2586 nardini
703 2526 875 2601 amphoram
899 2526 1052 2599 cellarius,
1076 2523 1168 2602 adq.
1191 2523 1210 2588 l.
1234 2525 1353 2590 Salina·
1432 2605 1436 2614 .

191 2619 274 2684 sius:
298 2623 489 2690 „Nar-diram
510 2621 666 2692 absolute,
688 2639 747 2702 pro
763 2621 894 2685 nardino
910 2621 983 2685 vino
1005 2621 1073 2684 sive
1094 2622 1194 2687 nardo
1215 2623 1352 2703 condito,

190 2721 229 2782 ut
249 2720 442 2780 marrhiaam
464 2735 522 2799 pro
545 2719 677 2784 murrha
701 2718 857 2783 condito.“
902 2717 1071 2784 Sollemnis
1098 2724 1149 2784 est
1174 2721 1300 2785 omissio
1322 2739 1351 2785 v.

189 2835 271 2879 asses
299 2834 323 2880 s.
348 2821 442 2879 librae
469 2822 543 2897 post
564 2816 741 2881 numeralia
768 2816 949 2882 cardinalia.
995 2815 1046 2881 Sic
1068 2815 1157 2898 leges
1179 2817 1242 2882 XII
1265 2818 1351 2884 tabb.

190 2912 281 2994 VIII,
304 2919 338 2978 h:
362 2917 456 2978 XXV
475 2919 563 2986 aeras,
587 2933 629 2980 sc.
651 2916 753 2980 librae
769 2932 827 2979 seu
843 2933 931 2979 asses
946 2913 1076 2978 librales
1091 2933 1153 2980 sec.
1169 2915 1351 2980 Funccium.

190 3009 271 3074 Cato
294 3029 339 3076 or.
362 3030 421 3093 pro
445 3011 544 3078 Rhod.
570 3031 620 3094 ap.
644 3013 743 3078 Prisc.
767 3013 803 3076 T.
827 3012 851 3092 Ι,
875 3029 905 3092 p.
932 3017 1002 3092 105,
1026 3018 1060 3076 l:
1084 3017 1165 3075 mille
1189 3018 1284 3076 minus
1307 3017 1351 3075 di-

190 3112 313 3171 midium
329 3110 459 3173 familiae
476 3117 569 3174 multa
586 3120 660 3189 esto,
677 3111 718 3176 ad
733 3129 763 3192 q.
779 3111 799 3176 l.
817 3111 983 3193 Meyerus:
1003 3109 1074 3189 „Sic
1090 3110 1179 3176 codd.
1195 3112 1352 3191 probante

188 3206 365 3286 Huschhio,
389 3209 443 3288 qui
459 3209 555 3290 explz
577 3213 656 3274 melle
679 3213 732 3286 (sc.
749 3212 875 3272 sestertii
896 3212 1010 3272 namma·
1031 3213 1096 3286 aut,
1119 3209 1145 3274 si
1168 3210 1228 3274 hoc
1250 3211 1352 3292 malis,

192 3309 288 3368 librae
303 3306 408 3383 aeris),
425 3307 595 3371 dummodo
611 3309 716 3372 minus
733 3309 776 3371 sit
791 3325 884 3388 quam
901 3306 1064 3371 dimidium
1080 3307 1236 3372 bonorum
1252 3309 1351 3374 eius.“

188 3403 226 3468 In
249 3403 364 3484 vulgus
384 3410 460 3467 nota
486 3409 536 3469 est
558 3405 687 3469 omissio
711 3409 851 3485 homines,
876 3405 963 3470 velut
986 3405 1012 3468 si
1031 3404 1164 3469 dicimus
1187 3409 1284 3477 aiant,
1307 3410 1351 3468 di-

93 3524 99 3532 ·
188 3509 267 3567 caat.
313 3500 417 3566 Plaut.
440 3501 534 3567 Most.
557 3501 583 3578 1,
607 3507 636 3579 2,
660 3508 719 3567 20:
754 3506 901 3566 Laudant
927 3504 1041 3564 labrum
1065 3512 1154 3579 atque
1181 3508 1264 3566 aedis
1281 3525 1353 3581 pro-

190 3603 268 3662 beat.
308 3597 412 3680 Magis
434 3600 650 3665 memorabilis
673 3605 722 3665 est
746 3601 875 3666 omissio
897 3617 1053 3681 personae
1076 3606 1184 3666 certae
1206 3602 1257 3666 vel
1277 3620 1350 3683 par·

190 3713 340 3760 sonarum
364 3701 543 3778 certarum,
576 3715 659 3778 quae
682 3703 759 3763 sunt
782 3698 925 3764 subiecta
947 3697 1081 3762 aetionis
1108 3699 1285 3782 cniusdam,
1314 3721 1354 3766 ex

189 3795 257 3857 toto
280 3796 453 3860 verborum
483 3799 633 3859 contextu
660 3796 897 3878 intelligendae.
943 3794 1080 3860 Maxime
1108 3798 1159 3863 hic
1189 3818 1266 3864 usus
1289 3799 1351 3864 fre·

191 3905 290 3968 quens
318 3894 428 3957 estin
458 3893 584 3974 legibus
606 3893 672 3958 XII
700 3894 892 3960 tabularum.
940 3894 991 3960 Sic
1012 3895 1039 3974 I,
1067 3895 1104 3960 fr.
1132 3902 1164 3961 l:
1198 3900 1230 3959 si
1251 3903 1281 3960 in
1304 3903 1351 3964 ins

189 3995 292 4065 vocat,
314 3991 355 4055 ad
377 4009 405 4072 q.
429 3991 449 4056 l.
476 3991 647 4057 Funccius:
683 3991 857 4073 „lllliptica
878 3990 1053 4075 locutione,
1081 4011 1162 4074 quae
1182 4012 1350 4075 personam

192 4082 344 4151 subaudit
364 4092 544 4168 utramque,
566 4093 733 4154 vocantem
757 4094 854 4169 atquc
877 4109 973 4170 ream,
994 4091 1050 4172 ita,
1073 4095 1180 4169 aqua
1193 4097 1226 4155 ia
1240 4097 1288 4158 ias
1302 4116 1350 4158 vo-

190 4187 240 4241 rot
262 4186 415 4246 amaror
459 4185 581 4250 Eodem
603 4187 697 4252 modo
720 4188 779 4254 ib:
799 4191 833 4250 ai
853 4191 880 4250 a
900 4188 1012 4270 (reus).
1056 4187 1129 4254 Non
1150 4191 1251 4272 magis
1274 4194 1349 4257 sub·

189 4277 308 4344 iactum
324 4298 508 4361 expressum
526 4288 576 4348 est
590 4281 628 4351 ir.
646 4293 679 4352 7:
697 4307 783 4364 quom
799 4294 952 4365 perorant,
968 4287 1044 4352 Item
1060 4287 1097 4352 fr.
1112 4293 1141 4370 6,
1156 4307 1184 4355 v.
1199 4287 1348 4354 Dirksen.
