3070 4758
212 273 277 332 830
638 267 794 308 suusrsrr.
816 267 881 310 oar.
894 265 936 308 111.

214 447 304 515 atque
327 441 464 518 hospitis.
507 441 589 509 Eun.
607 439 650 520 Η,
667 446 697 522 2,
711 446 750 508 3:
775 443 907 505 Conveni
928 441 1018 504 bodie
1040 441 1200 503 adveniens
1221 439 1369 514 quandin

214 543 272 600 mei
293 541 354 600 loei
374 541 444 600 bino
467 553 555 615 atque
579 541 700 602 ordinis.
744 538 862 602 Heaut.
885 535 912 618 1,
937 543 964 614 1,
991 539 1045 600 68:
1074 538 1204 598 Animist
1230 539 1371 612 pudentia

213 641 329 714 signum
357 643 389 698 et
417 655 475 698 non
502 640 659 702 instrenui.
703 635 831 700 Phorm.
854 633 880 714 1,
901 640 932 711 4,
956 640 990 698 i:
1025 638 1098 696 Tum
1127 637 1272 710 temporis
1299 635 1372 694 mibi

214 743 356 811 puratum
379 736 417 796 ad
443 735 519 794 hano
541 753 606 796 ram
628 741 685 810 est,
708 733 764 798 ubi
785 735 923 808 emporio
949 750 969 798 a
994 731 1194 798 substantivo
1220 736 1372 806 poariam,

214 849 278 896 non
304 849 325 895 a
350 838 411 893 tum
437 830 571 912 regitur.
617 833 714 898 Andr.
737 830 763 910 I,
791 837 817 908 l,
849 835 924 895 131:
957 837 992 892 ut
1017 861 1059 874 -
1087 833 1167 892 Vera
1192 830 1373 903 obdrrqurrdi

215 949 309 992 eausa
330 933 378 996 sit.
422 928 500 993 Hee
517 928 557 1008 V,
578 934 603 1008 1,
619 933 678 994 2οι
704 932 820 1004 Quaere
843 933 933 992 alium
955 931 1011 990 tibi
1032 929 1202 1003 firmiorem,
1227 931 1295 988 dum
1318 929 1374 988 tibi

215 1037 332 1105 tempus
356 1029 530 1089 oonsuleudi
553 1035 609 1090 est.
652 1025 770 1092 Heaut.
794 1026 820 1104 Ι,
846 1031 873 1105 1,
898 1032 952 1090 77;
986 1029 1076 1100 Hem,
1111 1033 1156 1086 tot
1187 1043 1253 1086 mea
1276 1027 1373 1086 Solius

215 1129 339 1189 solliciti
362 1131 432 1186 sunt
454 1143 555 1189 cause.
599 1123 734 1205 Adelph.
760 1123 804 1206 ΙΙ,
826 1130 856 1201 4,
880 1128 914 1188 6:
946 1128 992 1186 Ne
1021 1127 1053 1188 id
1080 1124 1255 1184 adsentandi
1281 1125 1374 1198 magis

216 1241 385 1300 quamquo
408 1225 534 1284 habeam
557 1230 675 1298 gratum
697 1223 798 1284 faeere
822 1224 999 1298 existumas,
1037 1237 1133 1299 quem
1154 1219 1375 1286 Weissenbor-

219 1321 292 1384 nius
314 1321 395 1400 synt.
418 1337 448 1399 p.
472 1323 523 1398 98,
545 1321 652 1384 adnot.
677 1325 695 1384 2
725 1321 901 1401 genitivum
928 1335 1043 1384 causae
1070 1317 1221 1398 appellat.
1266 1317 1376 1396 Expli-

216 1423 269 1482 oat
284 1417 350 1483 ¹hoe
371 1415 585 1483 Schneiderus
606 1419 647 1483 ad
673 1416 907 1498 disspero,
931 1435 1004 1482 eum
1026 1433 1087 1496 quo
1110 1415 1256 1480 conferas
1279 1416 1376 1479 etiam

216 1515 453 1582 Weissenborn.
481 1517 521 1580 de
550 1517 684 1598 gerund.
713 1533 745 1596 p.
770 1521 829 1582 125
858 1517 1107 1580 sitanstetn
1139 1518 1172 1578 01
1196 1513 1376 1578 hubertum

218 1611 368 1698 ffieittiqr
397 1629 449 1695 qut
478 1613 532 1677 lut.
558 1611 700 1680 (drumm.
728 1613 755 1694 Ι,
783 1632 814 1693 p.
838 1619 889 1678 27.
930 1613 1007 1680 Hae.
1031 1612 1058 1694 I,
1089 1617 1117 1690 2,
1146 1617 1203 1678 42:
1237 1617 1279 1674 Et
1299 1615 1377 1674 baec

216 1716 383 1780 eommunia
404 1717 534 1774 omnium
557 1733 632 1790 quae
656 1721 725 1775 runt
746 1720 874 1789 patrum.

303 1816 353 1874 67.
398 1811 554 1874 aequum
563 1829 719 1886 00000000,
741 1829 797 1884 quo
810 1812 923 1885 prediis
932 1811 1168 1884 propinquitatis
1190 1810 1377 1883 reprimitur.
1465 1887 1469 1897 ¹

217 1908 317 1972 Naar.
346 1908 581 1972 Acontizomen.
617 1907 654 1972 ir.
684 1913 720 1972 2:
753 1911 849 1969 Huius
873 1940 911 1952 -
935 1917 1052 1984 gnatus.
1097 1905 1236 1970 Baebius
1262 1905 1302 1968 da
1325 1923 1378 1969 ca·

219 2007 308 2071 sibus
331 2023 360 2086 p.
385 2010 425 2070 32
449 2006 543 2070 docet
564 2024 679 2070 nomen
706 2005 870 2084 proprium
901 2023 971 2069 eum
998 2004 1061 2068 alio
1089 2004 1213 2068 nomine
1237 2003 1377 2084 genitivo

218 2103 369 2183 coniungi
392 2121 496 2182 posse,
518 2117 653 2182 quorum
676 2102 746 2182 1110,
770 2102 854 2180 quod
877 2100 1017 2182 genitivo
1039 2107 1090 2170 est
1112 2119 1308 2181 expressum,
1332 2099 1379 2164 al·

221 2209 326 2266 terum
348 2200 529 2266 aeeuraiius
552 2198 765 2280 significatur,
796 2200 881 2278 quod
903 2200 1089 2278 saepissime
1111 2197 1148 2264 fit
1170 2201 1202 2262 in
1224 2197 1377 2279 proximis

219 2299 372 2381 gradibus
402 2297 649 2378 propinquitatis
680 2297 908 2379 exprimendis,
942 2297 1031 2360 velut
1059 2297 1145 2362 inter
1167 2299 1316 2378 parentes
1339 2303 1373 2358 et

221 2399 349 2477 liberos,
372 2396 520 2460 maritum
545 2403 579 2460 et
599 2415 741 2462 uxorem.
785 2393 889 2460 Affert
912 2394 1049 2460 Baebius
1064 2395 1159 2458 Ennii
1183 2394 1285 2460 annal.
1308 2392 1329 2457 1.
1353 2392 1378 2464 I,

220 2496 261 2559 ir.
286 2501 342 2558 74:
367 2498 490 2570 Quirine
513 2505 601 2572 pater
622 2515 750 2559 veneror
772 2499 942 2571 Horamque
961 2497 1077 2568 Quirini
1100 2493 1234 2570 (Nonius
1256 2495 1376 2571 p.120,

180 2629 183 2634 ·
223 2599 255 2657 1:
279 2595 386 2662 „Hora
400 2592 576 2656 iuventutis
591 2592 693 2670 dea“).
716 2592 779 2656 Per
794 2592 1013 2672 metaphoram
1028 2591 1146 2656 dietum
1164 2594 1214 2654 est
1228 2607 1248 2654 a
1261 2590 1377 2655 Plauto

220 2690 319 2754 Mero.
338 2688 395 2770 IV,
419 2694 446 2767 5,
474 2695 526 2754 13:
549 2693 602 2752 Pol
623 2693 702 2752 baud
725 2694 882 2754 censebam
905 2694 1029 2754 istarum
1053 2709 1118 2754 esse
1142 2707 1301 2765 operarum
1323 2708 1376 2765 pa-

220 2799 307 2862 trem,
329 2788 348 2851 1.
370 2806 397 2852 e.
421 2788 576 2852 eiusmodi
599 2805 713 2866 operas
736 2789 840 2852 edere.
886 2787 1012 2852 Terent.
1027 2785 1153 2851 Phorm.
1169 2785 1196 2865 I,
1216 2793 1241 2865 l,
1259 2793 1293 2850 5:
1316 2790 1377 2848 eri-

220 2891 279 2948 lem
301 2889 394 2948 filium
417 2889 481 2950 aius
506 2888 624 2950 duxisse
647 2889 735 2948 audio
758 2887 898 2960 Uxorem,
922 2884 942 2947 i.
966 2901 992 2947 e.
1015 2881 1115 2950 filium
1137 2883 1207 2948 heri
1229 2885 1307 2950 eius

306 2986 356 3046 68.
403 2983 557 3046 Gemmeus
586 2986 772 3059 possessoris.
816 2981 920 3046 Plaut.
949 2981 1042 3048 (lure.
1062 2982 1106 3064 ΙΙ,
1136 2989 1163 3061 1,
1197 2987 1248 3046 15:
1282 2986 1378 3046 Estne

220 3085 271 3142 bio
293 3085 450 3144 Palinurus
472 3083 670 3145 Phaedromi?
690 3099 735 3148 sc.
757 3097 879 3148 servus.
913 3079 1027 3159 Amph.
1044 3079 1070 3156 I,
1089 3087 1115 3160 i,
1132 3085 1208 3148 255:
1231 3083 1378 3158 Equidem

222 3199 285 3242 sum
307 3182 534 3256 Amphitruonis
557 3181 651 3242 Sosia.
695 3196 726 3242 v.
749 3181 823 3242 238:
856 3181 1079 3254 Amphitruonis
1106 3199 1164 3258 ego
1187 3199 1250 3242 sum
1273 3198 1377 3241 servos

221 3281 317 3340 Sosia.
351 3279 472 3340 02471
495 3295 554 3338 non
577 3295 641 3338 sum
663 3294 718 3352 ego
740 3295 841 3339 servos
864 3279 1090 3353 Amphitruonis
1113 3279 1216 3340 Sosia?
1250 3277 1378 3347 Terent.

222 3375 320 3438 Andr.
343 3373 385 3452 ΙΙ,
410 3379 438 3450 2,
462 3379 515 3438 20:
549 3378 640 3437 Forte
671 3377 714 3435 ibi
741 3376 830 3436 taius
861 3372 1016 3450 (Charini)
1048 3377 1135 3438 video
1158 3379 1310 3452 Byrriam,
1344 3393 1376 3440 u.

222 3472 360 3537 illusam.
382 3471 426 3536 ad
445 3471 544 3536 Naeu
567 3488 598 3551 p.
624 3475 694 3536 133.
739 3471 873 3552 Adelph.
896 3470 950 3550 IV,
975 3475 1004 3549 2,
1026 3478 1082 3538 43:
1117 3476 1238 3542 libiad
1261 3477 1377 3537 Dianae

221 3574 348 3646 veneris,
372 3587 414 3632 se.
438 3569 559 3634 aedem.
589 3567 628 3648 V,
645 3576 674 3646 3,
693 3572 746 3634 18:
771 3573 863 3640 Vetus
887 3573 1008 3632 verbum
1031 3574 1087 3634 hoe
1108 3573 1265 3648 quidamst,
1289 3573 1376 3636 Gom·

221 3671 321 3730 munia
343 3685 409 3730 esse
433 3669 595 3730 misicorum
615 3670 695 3730 inter
716 3687 749 3730 se
771 3671 879 3732 omnia

306 3769 358 3830 69.
395 3765 552 3832 (10011000
568 3766 802 3840 0100100οί1010
823 3784 946 3834 riorum,
968 3768 1071 3838 00101,
1089 3769 1211 3842 imerii.
1250 3765 1379 3833 Terent

221 3863 303 3927 Eun.
326 3861 385 3937 111,
411 3868 438 3942 1,
465 3866 503 3928 18
528 3879 589 3941 sq.:
623 3866 716 3929 Immo
738 3867 782 3926 sie
809 3866 940 3935 homost:
974 3865 1195 3939 Perpaucorum
1216 3865 1378 3934 1001010.

215 3961 291 4025 illi.
315 3963 407 4024 Immo
429 3961 748 4036 animumanimum
772 3963 804 4023 Si
826 3968 926 4027 erum
947 3964 1045 4028 uiuit.
1070 3961 1197 4036 Phorm.
1221 3963 1247 4041 l,
1266 3966 1300 4041 2,
1325 3965 1381 4026 78:

221 4063 383 4122 Paternum
405 4062 600 4125 munima
621 4061 807 4126 0101001010
829 4061 976 4136 vitulus,
999 4058 1030 4133 h.
1046 4077 1087 4133 a.
1114 4060 1262 4136 amisum,
1278 4060 1381 4141 patris

220 4153 364 4235 virginis.
408 4156 457 4220 Ex
478 4155 539 4222 boe
566 4173 682 4236 genera
695 4191 698 4201 ·
713 4155 847 4241 00111111
875 4156 1045 4236 orofartas·
1069 4163 1145 4232 sunt
1171 4157 1273 4229 ‚etiarn
1287 4173 1382 4230 utu·

210 4253 335 4318 1111100.
350 4253 587 4332 pouiunotiouea
614 4267 686 4328 tum
716 4271 745 4316 v.
768 4255 874 4324 00101
918 4253 982 4323 Sis.
998 4253 1084 4332 alllld
1110 4252 1261 4330 Pitubtm
1274 4316 1277 4330 ,
1290 4253 1380 4332 ibin.
