<?xml version="1.0" encoding="UTF-8"?>
<!DOCTYPE html PUBLIC "-//W3C//DTD XHTML 1.0 Transitional//EN"
    "http://www.w3.org/TR/xhtml1/DTD/xhtml1-transitional.dtd">
<html xmlns="http://www.w3.org/1999/xhtml" xml:lang="en" lang="en">
 <head>
  <title>
</title>
<meta http-equiv="Content-Type" content="text/html;charset=utf-8" />
  <meta name='ocr-system' content='tesseract 3.04.00' />
  <meta name='ocr-capabilities' content='ocr_page ocr_carea ocr_par ocr_line ocrx_word'/>
</head>
<body>
  <div class='ocr_page' id='page_1' title='image "./syntaxispriscor01holtgoog_0012.png"; bbox 0 0 3040 4758; ppageno 0'>
   <div class='ocr_carea' id='block_1_1' title="bbox 647 257 1296 318">
    <p class='ocr_par' dir='ltr' id='par_1_1' title="bbox 647 257 1296 318">
     <span class='ocr_line' id='line_1_1' title="bbox 647 257 1296 318; baseline 0.006 -21"><span class='ocrx_word' id='word_1_1' title='bbox 647 257 820 299; x_wconf 74' lang='lat' dir='ltr'><strong>amaneum.</strong></span> <span class='ocrx_word' id='word_1_2' title='bbox 1256 263 1296 318; x_wconf 70' lang='grc' dir='ltr'><strong>Ιχ</strong></span> 
     </span>
    </p>
   </div>
   <div class='ocr_carea' id='block_1_2' title="bbox 137 413 1321 2376">
    <p class='ocr_par' dir='ltr' id='par_1_2' title="bbox 142 413 1299 1255">
     <span class='ocr_line' id='line_1_2' title="bbox 143 413 1297 496; baseline 0.003 -17"><span class='ocrx_word' id='word_1_3' title='bbox 143 413 206 494; x_wconf 89' lang='grc' dir='ltr'><strong>ΙΝ,</strong></span> <span class='ocrx_word' id='word_1_4' title='bbox 233 415 310 495; x_wconf 86' lang='lat' dir='ltr'><strong>DE,</strong></span> <span class='ocrx_word' id='word_1_5' title='bbox 338 414 396 479; x_wconf 84' lang='lat' dir='ltr'><strong>EX</strong></span> <span class='ocrx_word' id='word_1_6' title='bbox 425 432 485 479; x_wconf 93' lang='lat' dir='ltr'><strong>usu</strong></span> <span class='ocrx_word' id='word_1_7' title='bbox 511 413 674 496; x_wconf 86' lang='lat' dir='ltr'><strong>Plautino,</strong></span> <span class='ocrx_word' id='word_1_8' title='bbox 700 414 782 480; x_wconf 92' lang='lat' dir='ltr'><strong>libro</strong></span> <span class='ocrx_word' id='word_1_9' title='bbox 812 413 998 494; x_wconf 88' lang='lat' dir='ltr'><strong>Schaeiieri,</strong></span> <span class='ocrx_word' id='word_1_10' title='bbox 1028 415 1297 483; x_wconf 84' lang='lat' dir='ltr'><strong>commentationis</strong></span> 
     </span>
     <span class='ocr_line' id='line_1_3' title="bbox 144 523 1298 607; baseline -0.001 -17"><span class='ocrx_word' id='word_1_11' title='bbox 144 527 185 591; x_wconf 90' lang='lat' dir='ltr'><strong>de</strong></span> <span class='ocrx_word' id='word_1_12' title='bbox 206 544 268 591; x_wconf 91' lang='lat' dir='ltr'><strong>usu</strong></span> <span class='ocrx_word' id='word_1_13' title='bbox 289 524 558 607; x_wconf 80' lang='lat' dir='ltr'>praepositionum</span> <span class='ocrx_word' id='word_1_14' title='bbox 580 525 770 592; x_wconf 88' lang='lat' dir='ltr'><strong>Terentiano</strong></span> <span class='ocrx_word' id='word_1_15' title='bbox 794 525 949 606; x_wconf 86' lang='lat' dir='ltr'><strong>particula</strong></span> <span class='ocrx_word' id='word_1_16' title='bbox 970 524 1001 604; x_wconf 94' lang='lat' dir='ltr'><strong>I,</strong></span> <span class='ocrx_word' id='word_1_17' title='bbox 1033 523 1193 588; x_wconf 87' lang='lat' dir='ltr'><strong>Luebkeri</strong></span> <span class='ocrx_word' id='word_1_18' title='bbox 1214 543 1298 589; x_wconf 92' lang='lat' dir='ltr'><strong>com·</strong></span> 
     </span>
     <span class='ocr_line' id='line_1_4' title="bbox 143 632 1298 716; baseline -0.002 -14"><span class='ocrx_word' id='word_1_19' title='bbox 143 635 339 702; x_wconf 79' lang='lat' dir='ltr'><strong>mentatione</strong></span> <span class='ocrx_word' id='word_1_20' title='bbox 366 636 406 700; x_wconf 91' lang='lat' dir='ltr'><strong>de</strong></span> <span class='ocrx_word' id='word_1_21' title='bbox 433 654 493 700; x_wconf 90' lang='lat' dir='ltr'><strong>usu</strong></span> <span class='ocrx_word' id='word_1_22' title='bbox 522 634 666 700; x_wconf 90' lang='lat' dir='ltr'><strong>infinitivi</strong></span> <span class='ocrx_word' id='word_1_23' title='bbox 694 636 849 701; x_wconf 88' lang='lat' dir='ltr'><strong>Plautino.</strong></span> <span class='ocrx_word' id='word_1_24' title='bbox 909 632 1098 700; x_wconf 87' lang='lat' dir='ltr'><strong>Heinrichsii</strong></span> <span class='ocrx_word' id='word_1_25' title='bbox 1124 634 1214 712; x_wconf 89' lang='lat' dir='ltr'><strong>liber,</strong></span> <span class='ocrx_word' id='word_1_26' title='bbox 1245 637 1298 716; x_wconf 90' lang='lat' dir='ltr'><strong>qui</strong></span> 
     </span>
     <span class='ocr_line' id='line_1_5' title="bbox 142 743 1299 828; baseline -0.001 -18"><span class='ocrx_word' id='word_1_27' title='bbox 142 747 211 828; x_wconf 85' lang='lat' dir='ltr'><strong>agit</strong></span> <span class='ocrx_word' id='word_1_28' title='bbox 233 745 273 812; x_wconf 87' lang='lat' dir='ltr'><strong>de</strong></span> <span class='ocrx_word' id='word_1_29' title='bbox 295 745 424 812; x_wconf 85' lang='lat' dir='ltr'><strong>ablativi</strong></span> <span class='ocrx_word' id='word_1_30' title='bbox 447 745 531 828; x_wconf 88' lang='lat' dir='ltr'><strong>apud</strong></span> <span class='ocrx_word' id='word_1_31' title='bbox 553 746 737 812; x_wconf 89' lang='lat' dir='ltr'><strong>Terentium</strong></span> <span class='ocrx_word' id='word_1_32' title='bbox 761 765 821 812; x_wconf 91' lang='lat' dir='ltr'><strong>usu</strong></span> <span class='ocrx_word' id='word_1_33' title='bbox 843 750 876 811; x_wconf 97' lang='lat' dir='ltr'><strong>et</strong></span> <span class='ocrx_word' id='word_1_34' title='bbox 898 745 1021 810; x_wconf 88' lang='lat' dir='ltr'><strong>ratione</strong></span> <span class='ocrx_word' id='word_1_35' title='bbox 1044 743 1159 824; x_wconf 87' lang='lat' dir='ltr'><strong>quique</strong></span> <span class='ocrx_word' id='word_1_36' title='bbox 1182 745 1299 823; x_wconf 89' lang='lat' dir='ltr'><strong>prodiit</strong></span> 
     </span>
     <span class='ocr_line' id='line_1_6' title="bbox 143 854 1298 939; baseline -0.003 -16"><span class='ocrx_word' id='word_1_37' title='bbox 143 857 281 939; x_wconf 84' lang='lat' dir='ltr'><strong>Elbinga</strong></span> <span class='ocrx_word' id='word_1_38' title='bbox 306 861 402 937; x_wconf 83' lang='lat'><strong>1859,</strong></span> <span class='ocrx_word' id='word_1_39' title='bbox 424 859 491 922; x_wconf 88' lang='lat' dir='ltr'><strong>turn</strong></span> <span class='ocrx_word' id='word_1_40' title='bbox 514 856 641 923; x_wconf 90' lang='lat' dir='ltr'><strong>demum</strong></span> <span class='ocrx_word' id='word_1_41' title='bbox 663 857 695 922; x_wconf 92' lang='lat' dir='ltr'><strong>in</strong></span> <span class='ocrx_word' id='word_1_42' title='bbox 718 874 828 921; x_wconf 90' lang='lat' dir='ltr'><strong>manus</strong></span> <span class='ocrx_word' id='word_1_43' title='bbox 851 873 939 921; x_wconf 88' lang='lat' dir='ltr'><strong>meas</strong></span> <span class='ocrx_word' id='word_1_44' title='bbox 961 855 1122 936; x_wconf 90' lang='lat' dir='ltr'><strong>pervenit,</strong></span> <span class='ocrx_word' id='word_1_45' title='bbox 1146 873 1216 919; x_wconf 90' lang='lat' dir='ltr'><strong>cnm</strong></span> <span class='ocrx_word' id='word_1_46' title='bbox 1238 854 1298 920; x_wconf 87' lang='lat' dir='ltr'><strong>hae</strong></span> 
     </span>
     <span class='ocr_line' id='line_1_7' title="bbox 143 963 1298 1050; baseline -0.002 -18"><span class='ocrx_word' id='word_1_47' title='bbox 143 967 292 1049; x_wconf 84' lang='lat' dir='ltr'><strong>plagulae</strong></span> <span class='ocrx_word' id='word_1_48' title='bbox 315 967 399 1050; x_wconf 88' lang='lat' dir='ltr'><strong>typis</strong></span> <span class='ocrx_word' id='word_1_49' title='bbox 421 967 690 1048; x_wconf 83' lang='lat' dir='ltr'><strong>describerentur,</strong></span> <span class='ocrx_word' id='word_1_50' title='bbox 713 973 908 1049; x_wconf 86' lang='lat' dir='ltr'><strong>quapropter</strong></span> <span class='ocrx_word' id='word_1_51' title='bbox 929 984 991 1030; x_wconf 92' lang='lat' dir='ltr'><strong>non</strong></span> <span class='ocrx_word' id='word_1_52' title='bbox 1012 965 1074 1028; x_wconf 86' lang='lat' dir='ltr'><strong>iam</strong></span> <span class='ocrx_word' id='word_1_53' title='bbox 1096 963 1172 1028; x_wconf 88' lang='lat' dir='ltr'><strong>mihi</strong></span> <span class='ocrx_word' id='word_1_54' title='bbox 1195 982 1232 1028; x_wconf 92' lang='lat' dir='ltr'><strong>eo</strong></span> <span class='ocrx_word' id='word_1_55' title='bbox 1251 965 1298 1030; x_wconf 92' lang='lat' dir='ltr'><strong>uti</strong></span> 
     </span>
     <span class='ocr_line' id='line_1_8' title="bbox 145 1076 1298 1160; baseline -0.002 -18"><span class='ocrx_word' id='word_1_56' title='bbox 145 1079 250 1158; x_wconf 90' lang='lat' dir='ltr'><strong>licuit,</strong></span> <span class='ocrx_word' id='word_1_57' title='bbox 271 1079 379 1160; x_wconf 81' lang='lat' dir='ltr'><strong>legens</strong></span> <span class='ocrx_word' id='word_1_58' title='bbox 402 1080 506 1144; x_wconf 88' lang='lat' dir='ltr'><strong>tamen</strong></span> <span class='ocrx_word' id='word_1_59' title='bbox 529 1096 602 1143; x_wconf 92' lang='lat' dir='ltr'><strong>eum</strong></span> <span class='ocrx_word' id='word_1_60' title='bbox 623 1078 716 1160; x_wconf 92' lang='lat' dir='ltr'><strong>nihil,</strong></span> <span class='ocrx_word' id='word_1_61' title='bbox 743 1079 826 1160; x_wconf 90' lang='lat' dir='ltr'><strong>quod</strong></span> <span class='ocrx_word' id='word_1_62' title='bbox 849 1081 935 1142; x_wconf 88' lang='lat' dir='ltr'><strong>esset</strong></span> <span class='ocrx_word' id='word_1_63' title='bbox 956 1076 1063 1158; x_wconf 86' lang='lat' dir='ltr'><strong>magni</strong></span> <span class='ocrx_word' id='word_1_64' title='bbox 1089 1076 1256 1154; x_wconf 85' lang='lat' dir='ltr'><strong>momenti,</strong></span> <span class='ocrx_word' id='word_1_65' title='bbox 1279 1095 1298 1140; x_wconf 88' lang='lat' dir='ltr'><strong>a</strong></span> 
     </span>
     <span class='ocr_line' id='line_1_9' title="bbox 147 1188 634 1255; baseline -0.006 -2"><span class='ocrx_word' id='word_1_66' title='bbox 147 1207 199 1253; x_wconf 93' lang='lat' dir='ltr'><strong>me</strong></span> <span class='ocrx_word' id='word_1_67' title='bbox 221 1189 369 1254; x_wconf 91' lang='lat' dir='ltr'><strong>omissum</strong></span> <span class='ocrx_word' id='word_1_68' title='bbox 391 1207 462 1255; x_wconf 92' lang='lat' dir='ltr'><strong>esse</strong></span> <span class='ocrx_word' id='word_1_69' title='bbox 485 1188 634 1254; x_wconf 87' lang='lat' dir='ltr'><strong>intellexi.</strong></span> 
     </span>
    </p>

    <p class='ocr_par' dir='ltr' id='par_1_3' title="bbox 137 1296 1321 2376">
     <span class='ocr_line' id='line_1_10' title="bbox 231 1296 1297 1380; baseline -0.002 -16"><span class='ocrx_word' id='word_1_70' title='bbox 231 1298 450 1364; x_wconf 83' lang='lat' dir='ltr'><strong>Fundamenta</strong></span> <span class='ocrx_word' id='word_1_71' title='bbox 471 1299 561 1380; x_wconf 91' lang='lat' dir='ltr'><strong>quasi</strong></span> <span class='ocrx_word' id='word_1_72' title='bbox 584 1300 686 1366; x_wconf 86' lang='lat' dir='ltr'><strong>iacere</strong></span> <span class='ocrx_word' id='word_1_73' title='bbox 710 1299 794 1364; x_wconf 89' lang='lat' dir='ltr'><strong>volui</strong></span> <span class='ocrx_word' id='word_1_74' title='bbox 815 1298 874 1364; x_wconf 88' lang='lat' dir='ltr'><strong>hac</strong></span> <span class='ocrx_word' id='word_1_75' title='bbox 890 1315 986 1378; x_wconf 83' lang='lat' dir='ltr'><strong>opera</strong></span> <span class='ocrx_word' id='word_1_76' title='bbox 1001 1315 1071 1362; x_wconf 90' lang='lat' dir='ltr'><strong>mea</strong></span> <span class='ocrx_word' id='word_1_77' title='bbox 1086 1296 1297 1377; x_wconf 86' lang='lat' dir='ltr'><strong>qualicunque</strong></span> 
     </span>
     <span class='ocr_line' id='line_1_11' title="bbox 143 1407 1296 1491; baseline -0.005 -15"><span class='ocrx_word' id='word_1_78' title='bbox 143 1415 178 1476; x_wconf 88' lang='lat' dir='ltr'><strong>et</strong></span> <span class='ocrx_word' id='word_1_79' title='bbox 215 1410 298 1476; x_wconf 81' lang='lat' dir='ltr'><strong>uiam</strong></span> <span class='ocrx_word' id='word_1_80' title='bbox 334 1409 473 1489; x_wconf 90' lang='lat' dir='ltr'><strong>munire,</strong></span> <span class='ocrx_word' id='word_1_81' title='bbox 511 1429 603 1490; x_wconf 83' lang='lat' dir='ltr'><strong>quarn</strong></span> <span class='ocrx_word' id='word_1_82' title='bbox 642 1409 695 1474; x_wconf 90' lang='lat' dir='ltr'><strong>aiii</strong></span> <span class='ocrx_word' id='word_1_83' title='bbox 731 1409 854 1491; x_wconf 85' lang='lat' dir='ltr'><strong>ingredi</strong></span> <span class='ocrx_word' id='word_1_84' title='bbox 884 1413 1014 1490; x_wconf 86' lang='lat' dir='ltr'><strong>possent</strong></span> <span class='ocrx_word' id='word_1_85' title='bbox 1039 1407 1081 1471; x_wconf 90' lang='lat' dir='ltr'><strong>ad</strong></span> <span class='ocrx_word' id='word_1_86' title='bbox 1103 1407 1296 1487; x_wconf 83' lang='lat' dir='ltr'><strong>reliquorum</strong></span> 
     </span>
     <span class='ocr_line' id='line_1_12' title="bbox 140 1515 1296 1602; baseline -0.006 -15"><span class='ocrx_word' id='word_1_87' title='bbox 140 1521 347 1602; x_wconf 87' lang='lat' dir='ltr'><strong>scriptorum,</strong></span> <span class='ocrx_word' id='word_1_88' title='bbox 369 1521 423 1600; x_wconf 89' lang='lat' dir='ltr'><strong>qui</strong></span> <span class='ocrx_word' id='word_1_89' title='bbox 444 1527 517 1601; x_wconf 85' lang='lat' dir='ltr'><strong>post</strong></span> <span class='ocrx_word' id='word_1_90' title='bbox 539 1520 719 1586; x_wconf 91' lang='lat' dir='ltr'><strong>Terentium</strong></span> <span class='ocrx_word' id='word_1_91' title='bbox 742 1519 897 1598; x_wconf 85' lang='lat' dir='ltr'><strong>vixerunt,</strong></span> <span class='ocrx_word' id='word_1_92' title='bbox 921 1517 1065 1600; x_wconf 84' lang='lat' dir='ltr'><strong>syntaxin</strong></span> <span class='ocrx_word' id='word_1_93' title='bbox 1089 1517 1183 1582; x_wconf 90' lang='lat' dir='ltr'><strong>simili</strong></span> <span class='ocrx_word' id='word_1_94' title='bbox 1204 1515 1296 1580; x_wconf 91' lang='lat' dir='ltr'><strong>modo</strong></span> 
     </span>
     <span class='ocr_line' id='line_1_13' title="bbox 140 1624 1297 1711; baseline -0.005 -15"><span class='ocrx_word' id='word_1_95' title='bbox 140 1631 392 1697; x_wconf 90' lang='lat' dir='ltr'><strong>describendam.</strong></span> <span class='ocrx_word' id='word_1_96' title='bbox 438 1631 518 1695; x_wconf 90' lang='lat' dir='ltr'><strong>Tum</strong></span> <span class='ocrx_word' id='word_1_97' title='bbox 550 1631 691 1707; x_wconf 87' lang='lat' dir='ltr'><strong>demum,</strong></span> <span class='ocrx_word' id='word_1_98' title='bbox 728 1648 825 1711; x_wconf 90' lang='lat' dir='ltr'><strong>quum</strong></span> <span class='ocrx_word' id='word_1_99' title='bbox 854 1629 887 1694; x_wconf 92' lang='lat' dir='ltr'><strong>id</strong></span> <span class='ocrx_word' id='word_1_100' title='bbox 913 1628 1031 1693; x_wconf 85' lang='lat' dir='ltr'><strong>factum</strong></span> <span class='ocrx_word' id='word_1_101' title='bbox 1062 1630 1094 1691; x_wconf 92' lang='lat' dir='ltr'><strong>et</strong></span> <span class='ocrx_word' id='word_1_102' title='bbox 1121 1627 1181 1691; x_wconf 93' lang='lat' dir='ltr'><strong>hoc</strong></span> <span class='ocrx_word' id='word_1_103' title='bbox 1204 1624 1297 1690; x_wconf 91' lang='lat' dir='ltr'><strong>modo</strong></span> 
     </span>
     <span class='ocr_line' id='line_1_14' title="bbox 139 1736 1298 1823; baseline -0.007 -16"><span class='ocrx_word' id='word_1_104' title='bbox 139 1759 247 1822; x_wconf 90' lang='lat' dir='ltr'><strong>usque</strong></span> <span class='ocrx_word' id='word_1_105' title='bbox 270 1741 311 1805; x_wconf 90' lang='lat' dir='ltr'><strong>ad</strong></span> <span class='ocrx_word' id='word_1_106' title='bbox 328 1741 510 1807; x_wconf 86' lang='lat' dir='ltr'><strong>Ciceronem</strong></span> <span class='ocrx_word' id='word_1_107' title='bbox 532 1755 719 1823; x_wconf 82' lang='lat' dir='ltr'><strong>perventum</strong></span> <span class='ocrx_word' id='word_1_108' title='bbox 741 1741 811 1820; x_wconf 92' lang='lat' dir='ltr'><strong>erit,</strong></span> <span class='ocrx_word' id='word_1_109' title='bbox 835 1741 1008 1805; x_wconf 87' lang='lat' dir='ltr'><strong>diiudicare</strong></span> <span class='ocrx_word' id='word_1_110' title='bbox 1024 1737 1207 1818; x_wconf 86' lang='lat' dir='ltr'><strong>poterimus,</strong></span> <span class='ocrx_word' id='word_1_111' title='bbox 1230 1736 1298 1817; x_wconf 93' lang='lat' dir='ltr'><strong>qui·</strong></span> 
     </span>
     <span class='ocr_line' id='line_1_15' title="bbox 138 1846 1297 1934; baseline -0.007 -16"><span class='ocrx_word' id='word_1_112' title='bbox 138 1852 203 1918; x_wconf 93' lang='lat' dir='ltr'><strong>bus</strong></span> <span class='ocrx_word' id='word_1_113' title='bbox 233 1852 266 1916; x_wconf 92' lang='lat' dir='ltr'><strong>in</strong></span> <span class='ocrx_word' id='word_1_114' title='bbox 293 1851 389 1918; x_wconf 89' lang='lat' dir='ltr'><strong>rebus</strong></span> <span class='ocrx_word' id='word_1_115' title='bbox 413 1851 523 1918; x_wconf 84' lang='lat' dir='ltr'><strong>Cicero</strong></span> <span class='ocrx_word' id='word_1_116' title='bbox 547 1871 616 1918; x_wconf 88' lang='lat' dir='ltr'><strong>cum</strong></span> <span class='ocrx_word' id='word_1_117' title='bbox 640 1851 858 1934; x_wconf 84' lang='lat' dir='ltr'><strong>superioribus</strong></span> <span class='ocrx_word' id='word_1_118' title='bbox 882 1848 1090 1930; x_wconf 89' lang='lat' dir='ltr'><strong>scriptoribus</strong></span> <span class='ocrx_word' id='word_1_119' title='bbox 1112 1846 1297 1925; x_wconf 85' lang='lat' dir='ltr'><strong>consentiat,</strong></span> 
     </span>
     <span class='ocr_line' id='line_1_16' title="bbox 138 1957 1295 2045; baseline -0.007 -17"><span class='ocrx_word' id='word_1_120' title='bbox 138 1963 261 2045; x_wconf 89' lang='lat' dir='ltr'><strong>quibus</strong></span> <span class='ocrx_word' id='word_1_121' title='bbox 295 1963 335 2026; x_wconf 89' lang='lat' dir='ltr'><strong>ab</strong></span> <span class='ocrx_word' id='word_1_122' title='bbox 366 1963 405 2028; x_wconf 89' lang='lat' dir='ltr'><strong>iis</strong></span> <span class='ocrx_word' id='word_1_123' title='bbox 432 1963 591 2044; x_wconf 90' lang='lat' dir='ltr'><strong>discrepet</strong></span> <span class='ocrx_word' id='word_1_124' title='bbox 619 1981 740 2043; x_wconf 87' lang='lat' dir='ltr'><strong>quaeve</strong></span> <span class='ocrx_word' id='word_1_125' title='bbox 769 1962 799 2027; x_wconf 90' lang='lat' dir='ltr'><strong>in</strong></span> <span class='ocrx_word' id='word_1_126' title='bbox 828 1959 951 2027; x_wconf 92' lang='lat' dir='ltr'><strong>dicendi</strong></span> <span class='ocrx_word' id='word_1_127' title='bbox 981 1976 1096 2040; x_wconf 83' lang='lat' dir='ltr'><strong>genere</strong></span> <span class='ocrx_word' id='word_1_128' title='bbox 1123 1957 1295 2022; x_wconf 87' lang='lat' dir='ltr'><strong>novaverit.</strong></span> 
     </span>
     <span class='ocr_line' id='line_1_17' title="bbox 137 2065 1321 2166; baseline -0.008 -25"><span class='ocrx_word' id='word_1_129' title='bbox 137 2074 208 2141; x_wconf 85' lang='lat' dir='ltr'><strong>Sed</strong></span> <span class='ocrx_word' id='word_1_130' title='bbox 236 2074 297 2137; x_wconf 91' lang='lat' dir='ltr'><strong>erit</strong></span> <span class='ocrx_word' id='word_1_131' title='bbox 323 2093 386 2138; x_wconf 92' lang='lat' dir='ltr'><strong>non</strong></span> <span class='ocrx_word' id='word_1_132' title='bbox 412 2073 505 2140; x_wconf 91' lang='lat' dir='ltr'><strong>unius</strong></span> <span class='ocrx_word' id='word_1_133' title='bbox 532 2073 667 2166; x_wconf 79' lang='lat' dir='ltr'><strong>hominis</strong></span> <span class='ocrx_word' id='word_1_134' title='bbox 695 2074 746 2141; x_wconf 93' lang='lat' dir='ltr'><strong>hic</strong></span> <span class='ocrx_word' id='word_1_135' title='bbox 768 2074 866 2140; x_wconf 86' lang='lat' dir='ltr'><strong>labor.</strong></span> <span class='ocrx_word' id='word_1_136' title='bbox 889 2069 1044 2166; x_wconf 88' lang='lat' dir='ltr'><strong>Volumen</strong></span> <span class='ocrx_word' id='word_1_137' title='bbox 1067 2069 1202 2134; x_wconf 90' lang='lat' dir='ltr'><strong>alterum</strong></span> <span class='ocrx_word' id='word_1_138' title='bbox 1224 2065 1321 2132; x_wconf 73' lang='lat' dir='ltr'><strong>iibri</strong></span> 
     </span>
     <span class='ocr_line' id='line_1_18' title="bbox 137 2181 1296 2266; baseline -0.005 -16"><span class='ocrx_word' id='word_1_139' title='bbox 137 2184 217 2263; x_wconf 91' lang='lat' dir='ltr'><strong>mei,</strong></span> <span class='ocrx_word' id='word_1_140' title='bbox 241 2184 325 2264; x_wconf 90' lang='lat' dir='ltr'><strong>quod</strong></span> <span class='ocrx_word' id='word_1_141' title='bbox 348 2186 493 2266; x_wconf 86' lang='lat' dir='ltr'><strong>syntaxin</strong></span> <span class='ocrx_word' id='word_1_142' title='bbox 516 2186 614 2266; x_wconf 86' lang='lat' dir='ltr'><strong>verbi,</strong></span> <span class='ocrx_word' id='word_1_143' title='bbox 638 2185 793 2262; x_wconf 89' lang='lat' dir='ltr'><strong>adiectivi‚</strong></span> <span class='ocrx_word' id='word_1_144' title='bbox 816 2183 984 2266; x_wconf 88' lang='lat' dir='ltr'><strong>participii,</strong></span> <span class='ocrx_word' id='word_1_145' title='bbox 1007 2181 1181 2246; x_wconf 89' lang='lat' dir='ltr'><strong>doctrinam</strong></span> <span class='ocrx_word' id='word_1_146' title='bbox 1199 2197 1296 2244; x_wconf 88' lang='lat' dir='ltr'><strong>enun-</strong></span> 
     </span>
     <span class='ocr_line' id='line_1_19' title="bbox 138 2289 1297 2376; baseline -0.007 -16"><span class='ocrx_word' id='word_1_147' title='bbox 138 2295 316 2360; x_wconf 88' lang='lat' dir='ltr'><strong>ciationum</strong></span> <span class='ocrx_word' id='word_1_148' title='bbox 351 2299 384 2360; x_wconf 90' lang='lat' dir='ltr'><strong>et</strong></span> <span class='ocrx_word' id='word_1_149' title='bbox 415 2296 641 2376; x_wconf 88' lang='lat' dir='ltr'><strong>particularum</strong></span> <span class='ocrx_word' id='word_1_150' title='bbox 675 2295 920 2376; x_wconf 87' lang='lat' dir='ltr'><strong>complectetur,</strong></span> <span class='ocrx_word' id='word_1_151' title='bbox 969 2311 1061 2374; x_wconf 87' lang='lat' dir='ltr'><strong>quam</strong></span> <span class='ocrx_word' id='word_1_152' title='bbox 1095 2292 1231 2373; x_wconf 77' lang='lat' dir='ltr'><strong>priunum</strong></span> <span class='ocrx_word' id='word_1_153' title='bbox 1265 2289 1297 2353; x_wconf 92' lang='lat' dir='ltr'><strong>id</strong></span> 
     </span>
    </p>
   </div>
   <div class='ocr_carea' id='block_1_3' title="bbox 137 2399 1294 2585">
    <p class='ocr_par' dir='ltr' id='par_1_4' title="bbox 137 2399 1294 2585">
     <span class='ocr_line' id='line_1_20' title="bbox 137 2399 1294 2486; baseline -0.006 -17"><span class='ocrx_word' id='word_1_154' title='bbox 137 2403 212 2470; x_wconf 89' lang='lat' dir='ltr'><strong>fieri</strong></span> <span class='ocrx_word' id='word_1_155' title='bbox 240 2407 375 2486; x_wconf 86' lang='lat' dir='ltr'><strong>poterit,</strong></span> <span class='ocrx_word' id='word_1_156' title='bbox 407 2425 426 2471; x_wconf 91' lang='lat' dir='ltr'><strong>a</strong></span> <span class='ocrx_word' id='word_1_157' title='bbox 455 2425 505 2470; x_wconf 91' lang='lat' dir='ltr'><strong>me</strong></span> <span class='ocrx_word' id='word_1_158' title='bbox 535 2407 657 2472; x_wconf 89' lang='lat' dir='ltr'><strong>edetur.</strong></span> <span class='ocrx_word' id='word_1_159' title='bbox 702 2405 885 2472; x_wconf 84' lang='lat' dir='ltr'><strong>Scribebam</strong></span> <span class='ocrx_word' id='word_1_160' title='bbox 907 2401 1087 2484; x_wconf 85' lang='lat' dir='ltr'><strong>Numburgi</strong></span> <span class='ocrx_word' id='word_1_161' title='bbox 1109 2401 1213 2467; x_wconf 88' lang='lat' dir='ltr'><strong>idibus</strong></span> <span class='ocrx_word' id='word_1_162' title='bbox 1236 2399 1294 2464; x_wconf 89' lang='lat' dir='ltr'><strong>Iul.</strong></span> 
     </span>
     <span class='ocr_line' id='line_1_21' title="bbox 143 2515 422 2585; baseline 0.004 -7"><span class='ocrx_word' id='word_1_163' title='bbox 143 2534 171 2580; x_wconf 89' lang='lat' dir='ltr'><strong>a.</strong></span> <span class='ocrx_word' id='word_1_164' title='bbox 196 2515 422 2585; x_wconf 82' lang='lat' dir='ltr'>MDCCCLXI.</span> 
     </span>
    </p>
   </div>
   <div class='ocr_carea' id='block_1_4' title="bbox 0 0 1524 4758">
    <p class='ocr_par' dir='ltr' id='par_1_5' title="bbox 0 0 1524 4758">
     <span class='ocr_line' id='line_1_22' title="bbox 0 0 1524 4758; baseline 0 1"><span class='ocrx_word' id='word_1_165' title='bbox 0 0 1524 4758; x_wconf 95' lang='lat' dir='ltr'><strong> </strong></span> 
     </span>
    </p>
   </div>
  </div>
 </body>
</html>
