3064 4754
174 229 237 288 232
622 217 776 258 sonentur.
791 215 846 256 etr
871 217 912 262 ιιι.

167 396 195 470 1,
223 397 260 456 4:
296 393 353 454 tihi
386 391 522 468 quidem,
558 393 638 466 qnod
668 391 783 468 rideas,
819 394 913 468 magis
947 398 995 454 est
1031 405 1121 464 geom
1153 396 1185 450 ut
1213 391 1326 450 lamen·

170 497 246 554 tere.
290 486 356 565 III,
396 491 430 565 1,
462 489 518 549 161
559 489 664 550 Oratio
701 488 808 564 edepol
843 491 940 565 pluris
976 494 1025 550 est
1060 488 1197 564 huiusce,
1235 504 1322 560 geom

171 588 275 664 quanti
297 591 438 660 emptast.
481 581 580 648 Mero.
618 600 647 645 v.
672 584 750 648 559:
788 586 868 648 hunc
889 588 1016 648 ricinum
1040 586 1123 660 prius
1153 585 1326 644 conveniam

166 684 399 756 camdenum
422 681 562 742 Redeam.
606 679 720 760 III,4,
746 683 802 744 16:
836 684 923 744 Prius
945 699 1037 755 gaam
1058 681 1188 756 recipias
1211 681 1327 740 anheli·

166 787 237 842 tum.
282 776 337 856 IV,
361 781 390 856 3,
415 779 470 840 16:
507 777 649 840 Pudicius
676 780 806 840 Faciunt
832 783 884 856 pol
915 795 1005 852 geom
1032 780 1088 841 illi.
1132 774 1189 853 IV,
1212 779 1241 850 3,
1268 778 1322 838 18:

165 879 263 938 minus
285 878 382 953 Quom
402 877 516 938 urbani.
561 872 660 938 Mero.
683 892 713 938 v.
737 878 814 938 806:
849 878 1004 952 Multoque
1027 877 1173 951 iniquiore
1196 875 1325 935 miserae

166 990 258 1048 geom
278 974 344 1035 uiri.
391 987 420 1034 v.
443 973 524 1035 817:
554 974 661 1034 Plures
682 974 738 1034 viri
761 975 822 1034 sint
844 973 932 1048 vidui,
960 991 1050 1047 geom
1071 989 1150 1033 nunc
1172 973 1325 1031 mulieres.
1414 1027 1418 1030 ,

167 1069 265 1134 Mero.
304 1067 342 1144 V,
366 1070 396 1148 2,
420 1071 479 1132 22;
517 1070 604 1132 Prius
626 1069 767 1145 proiecto
790 1085 881 1143 wem
903 1076 955 1130 aut
976 1072 1100 1130 amicam
1124 1073 1176 1128 ant
1196 1074 1325 1128 mortem

167 1169 397 1242 investigavero.
420 1163 460 1244 V,
480 1170 510 1244 4,
534 1169 588 1228 50:
611 1169 695 1242 prins
719 1196 757 1210 -·
784 1181 883 1238 geom.
921 1164 960 1242 V,
981 1170 1011 1243 4,
1036 1168 1091 1230 ὅθι
1113 1165 1199 1225 Prius
1223 1179 1325 1236 geom.

165 1260 210 1338 II,
235 1266 266 1342 2,
288 1266 344 1326 28;
389 1266 457 1338 plue
479 1295 522 1306 --
547 1264 633 1324 video
655 1279 746 1336 geom
768 1266 861 1339 prius.
908 1260 1022 1327 Caecil.
1046 1259 1126 1326 Stat.
1150 1257 1324 1340 Hypoboli-

165 1375 278 1423 maeus
301 1355 565 1424 Chaerestratus:
601 1361 694 1436 magis
717 1377 808 1432 wem
830 1363 895 1422 riri.
941 1359 1069 1424 Terent.
1105 1357 1187 1422 Eun.
1210 1355 1269 1434 lIl,
1293 1360 1327 1436 3,

166 1457 225 1520 21:
259 1458 358 1532 Thais,
381 1473 472 1530 gaam
494 1475 549 1532 ego
573 1476 636 1518 sum
659 1459 860 1519 maiusculast.
906 1456 1032 1520 Phorm.
1054 1452 1110 1532 IV,
1135 1458 1163 1532 2,
1190 1459 1222 1517 1;
1257 1457 1323 1529 Ego

167 1555 317 1615 hominem
340 1556 525 1616 callidiorem
547 1556 608 1616 vidi
629 1557 777 1616 neminem
799 1557 895 1632 Quom
920 1556 1136 1616 Phormionem.
1167 1551 1243 1616 Hec.
1267 1550 1327 1620 IV,

165 1655 195 1725 4,
220 1653 278 1714 25:
314 1653 382 1712 Non
406 1653 460 1712 tibi
481 1652 557 1712 illud
578 1650 690 1712 factum
711 1653 1045 1727 complanatorem
1067 1651 1155 1724 mihi,
1193 1651 1326 1710 Laches.

164 1746 242 1812 Hec.
275 1745 330 1826 IV,
357 1751 384 1828 l,
410 1753 447 1811 17
471 1763 552 1827 sqq.=
593 1754 625 1810 ut
651 1766 777 1824 puerum
803 1757 1000 1825 praeoptares
1027 1750 1128 1824 perire
1156 1779 1193 1788 -
1220 1749 1323 1806 Potius

164 1863 254 1920 qaam
276 1851 359 1906 esset
382 1863 448 1906 cnm
471 1847 525 1906 illo
548 1847 654 1920 nupta!
688 1843 805 1909 Heaut.
828 1844 872 1924 II,
895 1849 925 1924 2,
949 1849 983 1908 8:
1007 1848 1115 1920 Pergin
1136 1847 1213 1906 istuc
1230 1845 1326 1917 prices

168 1943 343 2019 diiudicare,
366 1957 457 2014 gaam
479 1944 538 2005 scis
563 1942 634 2016 quid
655 1944 721 2002 veri
742 1943 821 2003 siet?
853 1941 900 2007 ΙΙ).
937 1941 999 2021 ΙΙΙ,
1024 1947 1051 2022 3,
1075 1945 1132 2006 23;
1155 1943 1211 2001 Hic
1228 1942 1318 2015 prius

99 2035 101 2039 ’
165 2056 198 2101 se
220 2039 361 2100 iudicarit
383 2054 473 2112 geom
495 2056 550 2116 ego
572 2045 729 2116 argentum
752 2041 889 2102 effecero.
912 2038 1010 2104 Andr.
1034 2039 1124 2118 II,1,
1143 2043 1196 2102 ll:
1220 2040 1324 2098 omnia.

165 2137 295 2210 experiri
319 2141 463 2198 certumst
478 2137 567 2210 price
589 2151 681 2208 goma
702 2154 803 2210 pereo.
826 2135 900 2201 Huc
917 2135 1059 2216 pertinet
1074 2134 1170 2200 etiam
1185 2133 1319 2198 verbum

163 2232 265 2312 male,
296 2230 445 2312 quoniam
472 2230 505 2295 in
528 2248 567 2296 eo
588 2231 671 2296 inest
692 2232 777 2297 notio
800 2232 1017 2313 comparativi.
1060 2232 1155 2296 Ennii
1184 2231 1319 2294 Medeae

165 2326 266 2392 erulis
281 2325 319 2391 fr.
337 2331 371 2410 6:
394 2347 462 2390 nam
477 2336 525 2391 ter
548 2331 601 2392 sub
624 2332 716 2392 armis
738 2333 839 2392 malim
854 2333 945 2394 vitam
961 2349 1096 2408 cernere,
1125 2346 1213 2403 geom
1228 2333 1326 2390 semel

165 2427 253 2486 modo
275 2444 392 2500 parere.
415 2425 518 2490 Pleut.
535 2425 625 2491 Pers.
640 2425 666 2505 Ι,
693 2430 720 2506 l,
743 2432 778 2490 4:
801 2460 845 2471 —
866 2431 966 2503 malui,
990 2445 1088 2502 gaam.
1104 2459 1148 2472 -
1169 2430 1208 2503 9.,
1225 2428 1326 2504 Quom

165 2521 339 2600 respondet
359 2521 541 2588 notionibus
565 2523 726 2602 temporis.
752 2522 831 2588 (lato
854 2523 892 2588 R.
914 2524 951 2587 R.
976 2543 1000 2589 c.
1022 2529 1076 2588 65:
1099 2523 1250 2586 Postridie
1269 2532 1322 2584 aut

164 2627 234 2694 post
257 2621 334 2682 diem
357 2623 479 2682 tertium
500 2637 590 2694 geom
612 2611 694 2684 lecta
716 2624 783 2684 erit.
820 2619 925 2686 Pleut.
950 2620 1064 2702 Amph.
1086 2620 1112 2699 I,
1135 2625 1164 2699 2,
1191 2625 1239 2684 19.
1263 2623 1323 2682 20:

165 2718 253 2778 Alter
275 2718 399 2781 decumo
421 2725 491 2794 post
511 2737 614 2782 mense
636 2727 777 2780 nascetur
803 2737 880 2795 puer
902 2722 994 2792 gaam
1016 2721 1202 2794 seminatust,
1225 2715 1266 2780 ad
1288 2731 1320 2794 q.

165 2811 186 2876 l.
209 2811 366 2878 Lindem.:
411 2812 534 2893 „Saepe
556 2813 642 2895 apud
665 2812 816 2880 Plautum
839 2815 991 2880 adverbia
1008 2822 1090 2894 post,
1112 2817 1217 2890 potes,
1244 2818 1324 2890 cate,

161 2915 295 2988 wacta,
318 2928 338 2975 a
360 2909 581 2976 coniunctione
603 2929 693 2986 geom
708 2911 910 2976 dirimuntur.
932 2911 1002 2976 Hac
1018 2909 1229 2991 diremptione
1251 2927 1321 2974 suc·

167 3005 269 3071 currit
290 3005 494 3074 hermannus
517 3006 586 3072 loco
609 3006 733 3088 captiv.
776 3008 803 3088 I,
827 3014 856 3088 2,
880 3015 938 3074 54:
974 3013 1050 3084 Quoi
1072 3012 1230 3086 optigerat,
1253 3016 1326 3084 pest

167 3106 389 3182 Philopolemus
412 3122 503 3179 gaam
526 3113 646 3182 captust
667 3103 822 3170 tuus.“-·-
837 3111 895 3185 10,
919 3110 1014 3184 Quam
1036 3103 1209 3185 respondet
1228 3120 1325 3184 prae·

165 3217 296 3280 grossae
319 3200 543 3278 enuntiationi,
567 3219 704 3281 quacum
726 3201 896 3268 confertur.
932 3203 1038 3267 Pluut
1061 3201 1146 3268 Meu.
1171 3200 1208 3280 V,
1233 3205 1262 3278 6,
1284 3205 1320 3262 4:

165 3298 206 3363 Ut
229 3300 352 3360 absente
376 3317 428 3362 ero
450 3317 513 3362 rem
534 3303 581 3362 sui
602 3303 648 3362 eri
670 3303 830 3376 diligenter
852 3303 987 3376 Tutetur,
1021 3317 1111 3374 geom
1131 3302 1159 3362 si
1179 3302 1245 3375 ipse
1268 3300 1321 3359 ad-

170 3395 221 3462 sit,
239 3393 294 3458 uhi
321 3400 382 3456 toea
402 3397 558 3472 diligenter
577 3396 655 3476 poni
676 3395 841 3476 potuisset.
883 3395 999 3470 Pseud.
1021 3395 1047 3476 I,
1072 3400 1101 3472 3,
1125 3400 1159 3460 8:
1199 3399 1233 3458 ln
1257 3415 1319 3457 rem

164 3493 242 3570 quod
265 3495 305 3556 sit
330 3497 533 3568 praeverteris
554 3511 645 3569 geom
670 3513 704 3556 re
730 3497 858 3556 advorsa
884 3497 981 3557 animo
1005 3497 1171 3563 auscultes,
1207 3491 1262 3558 ubi
1288 3490 1321 3556 in

164 3587 264 3651 verbo
284 3593 438 3664 praecare
466 3590 550 3654 inest
573 3591 664 3668 quasi
686 3591 773 3656 notio
801 3591 1018 3670 comparativi.
1060 3588 1257 3654 Menaechm.
1281 3588 1322 3664 V,

142 3717 147 3726 ε
167 3687 194 3764 1,
220 3689 274 3754 26:
297 3689 374 3766 Non,
398 3690 527 3765 inquam,
550 3690 650 3763 patiar
671 3692 862 3765 praeterhac,
888 3691 963 3764 Quin
988 3690 1076 3750 vidua
1097 3690 1204 3762 vivam,
1230 3705 1323 3760 goma

162 3784 238 3846 istos
261 3802 360 3848 mores
378 3785 552 3862 perferam,
589 3782 644 3851 ubi
665 3790 771 3851 mente
793 3785 974 3851 addendum
997 3789 1049 3850 est
1064 3786 1175 3859 potas
1221 3783 1318 3849 Mero.

164 3876 215 3960 Π,Ι
230 3882 260 3958 2,
284 3883 340 3944 26;
375 3884 421 3945 bis
443 3888 528 3944 tanto
551 3885 636 3944 valeo
658 3901 749 3958 gaam
770 3887 851 3946 valui
872 3887 967 3962 prius,
1001 3881 1057 3947 ubi
1078 3883 1124 3944 his
1146 3883 1196 3944 est
1217 3880 1320 3944 instar

167 3977 384 4055 comparativi.
421 3978 535 4045 Potest
555 3977 619 4046 huc
639 3979 736 4046 etiam
757 3977 874 4054 referri
889 3985 1011 4055 praeta
1032 3996 1133 4055 goma,
1162 3982 1198 4044 ut
1220 3977 1320 4042 Nasu.

164 4068 263 4138 Colax
284 4071 323 4138 h.
349 4079 378 4154 3,
413 4093 443 4139 v.
467 4081 524 4142 34:
555 4082 675 4153 praeter
696 4087 786 4152 goma
807 4082 925 4142 vellem.
967 4075 1070 4142 Plant
1093 4073 1183 4140 Pers.
1205 4073 1265 4152 III,
1289 4079 1319 4153 1,

158 4172 221 4232 38:
261 4172 325 4246 Qua
355 4179 476 4248 moster
506 4178 604 4250 sapiat
636 4191 726 4247 gaam
759 4179 861 4250 placet
897 4175 1080 4250 parentibus.
1126 4171 1217 4251 Adde
1244 4189 1321 4246 prce
