3004 4764
525 289 673 332 nondam
690 293 951 334 raanuosmouuta.
1243 301 1304 358 84?

158 482 237 527 nnnc
270 469 416 526 scelestus
451 483 516 526 sese
548 469 630 529 ducit
659 488 714 544 pro
743 472 975 532 adulescentulo.
1020 463 1116 530 Most.
1143 464 1167 544 Ι,
1196 469 1225 544 2,
1242 467 1306 528 ’621

158 564 305 624 Continuo
327 581 382 638 pro
404 563 498 623 imbre
522 582 605 626 amor
628 569 756 635 advenit,
778 565 808 631 h.
833 585 858 630 e.
882 567 1033 643 tanquam
1056 563 1166 627 imber.
1212 561 1306 626 Poen.

157 659 217 738 Ill,
241 664 269 737 5,
292 664 350 723 47:
395 661 585 736 haruspices,
618 665 674 737 Qui
697 667 793 739 siquid
815 667 890 724 aene
913 665 1106 739 promittunt,
1134 679 1191 737 pro
1212 664 1308 738 spisso

158 760 271 832 evenit,
300 756 330 820 h.
359 774 385 820 e.
422 771 576 836 perquam
613 759 705 824 tarde
736 765 769 824 et
796 778 885 839 sero,
923 762 959 822 ut
987 757 1125 822 Turneb.
1163 757 1308 837 explicat.

158 854 253 919 Most
276 853 315 934 V,
339 857 367 933 2,
393 857 446 918 10:
470 873 524 930 ego
547 859 595 919 ibo
612 876 671 933 pro
693 863 728 919 tc.
759 877 788 922 v.
815 862 870 922 11:
895 861 991 932 Quian
1014 875 1060 918 me
1080 860 1249 930 proteus
1271 857 1310 916 ad

159 973 262 1016 cenam
285 953 424 1015 autumo?
468 950 555 1016 Pers.
579 953 621 1033 ΙΙ,
648 959 731 1034 1,2;
778 958 873 1018 Nimia
895 958 1014 1018 tandem
1042 973 1088 1015 me
1117 955 1234 1031 quidem
1251 971 1310 1028 pro

160 1052 256 1112 barda
278 1052 437 1112 atticano
464 1070 523 1113 non
552 1055 682 1114 habitam
714 1073 780 1116 esse
809 1073 863 1130 aps
891 1062 931 1117 te.
975 1050 1035 1130 ΙΙΙ,
1060 1057 1088 1132 1,
1114 1057 1166 1116 13:
1202 1055 1309 1114 Utrum

153 1167 212 1222 pro
235 1150 347 1208 ancilia
368 1166 413 1210 ma
443 1151 535 1212 habes
558 1169 596 1212 an
617 1170 675 1225 pro
698 1152 785 1225 filio?
828 1149 912 1214 Men.
934 1149 977 1228 ΙΙ,
1007 1155 1035 1229 2,
1057 1154 1114 1215 24;
1159 1169 1215 1226 pro
1238 1167 1310 1210 sano

158 1248 300 1320 loqueris.
343 1244 381 1325 V,
406 1250 434 1323 5,
457 1251 516 1311 42:
550 1249 644 1309 Satiu’
667 1251 723 1311 hoc
743 1268 799 1324 pro
821 1267 894 1310 seua
916 1251 993 1310 mala
1017 1251 1099 1310 dieta
1120 1247 1310 1310 maledictis

158 1343 349 1418 respondeo?
392 1342 475 1408 Men.
499 1363 528 1410 v.
552 1349 614 1409 927
621 1366 629 1411 :
674 1351 738 1410 Hoc
761 1350 878 1424 quidem
906 1348 1013 1422 edepol
1036 1348 1095 1407 hau
1117 1365 1175 1421 pro
1203 1347 1311 1406 iocoso

160 1442 282 1502 uerbum
304 1444 460 1516 respondit
482 1445 563 1505 mihi.
588 1442 677 1509 Pers.
701 1463 729 1510 v.
753 1449 831 1509 637:
855 1448 947 1506 Omne
971 1461 1025 1520 ego
1043 1462 1102 1518 pro
1123 1445 1218 1504 attilo
1241 1459 1308 1503 esse

158 1539 244 1600 duco.
289 1537 385 1602 Mera.
410 1538 469 1617 ΙΙΙ,
492 1545 522 1618 4,
547 1545 602 1604 7οε
642 1561 701 1616 pro
730 1549 807 1606 carto
831 1547 977 1604 incertum
1000 1544 1026 1602 si
1048 1544 1150 1603 habes.
1193 1537 1307 1604 Pseud.

158 1633 337 1713 1‚5,1sa:
381 1646 415 1698 ut
438 1640 515 1714 quod
547 1638 616 1715 [ego
638 1639 706 1716 pro]
737 1648 821 1702 certo
844 1644 945 1704 sciam.
989 1637 1088 1704 Marc.
1117 1636 1172 1716 IV,
1198 1641 1226 1716 3,
1250 1639 1310 1699 26;

158 1752 246 1809 urges
270 1737 355 1810 quasi
371 1753 430 1808 pro
451 1739 548 1796 accio.
574 1734 688 1801 Caecil.
713 1737 793 1803 Stat.
817 1738 876 1804 inc.
897 1735 959 1800 iah.
982 1733 1021 1798 fr.
1047 1741 1082 1798 7:
1106 1739 1231 1796 Tantum
1247 1751 1311 1795 rem

160 1832 304 1909 dibalare‚
327 1839 361 1892 ut
378 1850 436 1906 pro
456 1835 518 1894 uilo
541 1837 687 1896 habuerit.
726 1835 853 1900 Terent.
877 1833 1009 1912 Adelph.
1033 1833 1059 1913 I,
1085 1837 1113 1907 1,
1138 1837 1191 1896 23:
1215 1834 1312 1892 amavi

155 1947 212 2004 pro
233 1947 305 2009 mea,
328 1927 359 1992 h.
383 1946 409 1992 e.
433 1934 583 2008 tanquam
606 1949 720 1996 meum.
736 1950 815 1995 -c.
840 1935 902 1992 Pro
924 1927 1081 2012 significat
1102 1930 1312 1994 remunerati-

159 2042 260 2102 onem,
284 2043 365 2105 quae
390 2026 524 2091 solvitur
546 2029 641 2093 alicui
662 2035 794 2109 propter
816 2047 951 2110 eaquae
974 2027 1049 2094 iecit
1064 2027 1116 2092 vel
1139 2025 1311 2108 praestitit,

157 2123 225 2188 sive
248 2124 396 2204 exprimit
418 2125 605 2205 vindictam,
633 2145 714 2206 quae
740 2127 782 2191 ab
804 2127 911 2207 aliquo
933 2127 1106 2207 repetitur,
1130 2125 1197 2192 sive
1220 2141 1311 2204 prae-

159 2221 271 2298 mium,
300 2237 363 2300 quo
386 2219 533 2287 afficitur.
579 2224 688 2289 Livius
714 2224 915 2292 Andronicus
943 2223 981 2288 fr.
1005 2222 1150 2288 Achillis:
1195 2232 1257 2285 tum
1280 2229 1312 2283 tu

158 2323 289 2394 pretinm
314 2339 372 2396 pro
401 2339 480 2382 acca
505 2325 598 2384 dabis.
628 2321 767 2388 Naevius
790 2322 828 2385 fr.
854 2329 871 2388 7
900 2323 1041 2386 Danaes:
1066 2322 1311 2396 (1111111111-

158 2435 215 2492 que
237 2427 283 2478 est
305 2421 438 2497 meritus,
461 2439 605 2494 praesens
628 2425 757 2496 pretinm
785 2439 841 2496 pro
863 2422 953 2493 factis
975 2419 1063 2480 ferat.
1110 2417 1189 2481 Cato
1211 2415 1248 2478 R.
1271 2415 1308 2480 R.

159 2531 184 2577 a.
215 2519 247 2577 3:
291 2518 349 2578 Pro
379 2519 524 2579 beneficio
553 2521 676 2593 gratiam
710 2518 832 2580 referat.
881 2517 975 2580 Ennii
1003 2516 1187 2596 epigramm.
1218 2519 1310 2592 2ap.

159 2609 291 2675 Vahlen.
325 2630 355 2692 p.
384 2618 455 2679 163:
501 2620 549 2677 cui
576 2635 661 2678 nemo
691 2649 728 2660 —
761 2619 861 2690 Quivit
890 2634 948 2690 pro
975 2615 1064 2687 facts
1091 2615 1217 2674 reddere
1244 2616 1309 2688 opis

158 2713 297 2787 pretium.
330 2709 423 2774 Ennii
447 2707 631 2793 Iphigeniae
653 2711 692 2776 fr.
717 2719 746 2792 8,
767 2732 797 2776 v.
822 2716 897 2776 266:
924 2713 984 2772 Pro
1006 2713 1172 2785 malefactis
1194 2713 1311 2771 Helena

158 2809 264 2870 redeat
278 2809 337 2870 -1
360 2807 463 2872 Plaut.
488 2811 572 2874 Asin.
597 2811 620 2891 Ι,
642 2817 670 2886 3,
686 2817 743 2876 2οε
766 2816 826 2873 Par
847 2815 914 2888 pari
936 2813 1035 2872 datum
1060 2811 1309 2880 hostimentumst,

159 2924 252 2983 opera
273 2925 328 2982 pro
350 2913 486 2983 pecunia.
533 2911 602 2972 Aul.
629 2909 686 2989 ΙΙΙ,
711 2915 738 2986 3,
763 2915 799 2974 8:
845 2913 911 2970 Heu
935 2927 1035 2983 senex,
1065 2925 1120 2982 pro
1143 2906 1309 2982 vapulando

159 3007 261 3066 hercle
290 3023 344 3080 ego
375 3009 427 3068 abs
456 3017 485 3068 te
514 3012 680 3070 mercedem
704 3019 813 3085 petam.
859 3004 954 3070 Stich.
979 3005 1034 3083 IV,
1060 3010 1087 3082 1,
1112 3008 1167 3066 54:
1215 3004 1308 3076 Quam

157 3103 211 3162 ille
235 3103 362 3163 dederat
384 3105 482 3166 dotem
506 3111 643 3182 accipere
669 3127 734 3168 eum
757 3109 850 3168 voluit
871 3123 926 3181 pro
949 3105 1082 3164 tibicina.
1116 3098 1231 3164 Bacch.
1254 3099 1310 3178 IV,

158 3205 190 3280 4,
215 3202 385 3264 aaz-Militi
409 3207 534 3265 nummis
558 3207 692 3267 ducentis
716 3209 773 3265 iam
798 3221 884 3265 ussus
908 3211 1024 3278 estpro
1039 3201 1197 3261 Bacchide.
1221 3197 1309 3261 Pars.

156 3314 185 3363 v.
210 3301 285 3363 669:
309 3305 398 3362 etism
415 3320 473 3374 pro
495 3304 673 3364 vestimentis
699 3306 755 3364 hue
778 3305 880 3363 decem
904 3302 1049 3361 accedent
1070 3301 1177 3360 minae.
1222 3294 1309 3358 Asin.

155 3393 198 3472 ΙΙ,
224 3402 252 3476 3,
279 3403 330 3461 17:
365 3401 422 3473 Qui
444 3419 499 3474 pro
522 3401 622 3460 istac?
644 3427 688 3450 -·-·
710 3418 769 3479 pro
793 3415 865 3478 que.
909 3396 1025 3463 Pseud.
1049 3394 1074 3473 l,
1100 3400 1127 3474 1,
1150 3397 1206 3456 45:
1251 3395 1311 3453 Pro

155 3497 276 3570 aqueas
296 3498 392 3558 salute
414 3499 457 3558 vis
481 3510 653 3573 argenteam
675 3501 843 3589 Remittere
866 3497 935 3558 illi?
979 3499 1007 3571 3,
1030 3495 1087 3557 46:
1119 3495 1195 3568 Quia
1216 3495 1310 3554 minas

158 3597 261 3668 viginti
294 3597 350 3656 tibi
376 3613 435 3670 pro
463 3597 560 3656 amica
592 3615 650 3656 non
674 3599 764 3656 etiarn
787 3597 877 3655 dedit.
922 3591 1005 3656 Men.
1029 3590 1088 3670 Ill,
1112 3595 1141 3668 2,
1165 3594 1218 3654 31:
1263 3593 1310 3650 An

157 3693 211 3751 tibi
234 3695 341 3754 malam
367 3713 431 3754 rem
461 3697 504 3755 vis
526 3713 582 3769 pro
604 3697 681 3754 mule
710 3695 797 3754 dictis
821 3694 906 3754 duri?
950 3690 1033 3754 Men.
1050 3707 1077 3752 v.
1102 3692 1179 3753 590:
1222 3687 1311 3762 Apud

156 3789 285 3850 aedilem
314 3809 371 3865 pro
400 3795 464 3852 eius
501 3792 591 3864 factis
612 3793 822 3866 plurumisque
844 3791 1048 3866 pessumisque
1084 3790 1155 3848 Dixi
1183 3801 1309 3847 cansam.

157 3881 251 3949 Most.
275 3885 300 3965 I,
325 3892 353 3966 3,
375 3893 429 3952 54:
475 3889 537 3948 Pro
566 3892 660 3965 capite
683 3895 732 3950 tao
759 3898 899 3965 quantum
928 3888 1018 3950 dedit.
1062 3883 1157 3948 Most.
1180 3899 1208 3946 v.
1234 3885 1309 3946 244:

156 3983 221 4043 Pro
242 3986 323 4047 illius
346 3989 442 4060 cupite
463 3988 544 4062 quod
567 3990 646 4049 dedi.
670 3986 696 4064 l,
720 3991 749 4064 3,
776 3989 849 4050 142:
872 3988 1007 4063 Triginta
1028 3986 1122 4044 minas
1139 3999 1197 4056 pro
1219 3981 1313 4055 capita

156 4085 207 4142 tcto
232 4082 309 4144 dedi.
333 4081 392 4161 111,
417 4087 445 4159 2,
472 4087 547 4148 138:
569 4087 636 4146 Tris
659 4087 754 4146 minas
770 4103 830 4160 pro
853 4086 919 4145 istis
940 4084 1053 4144 duobus
1073 4090 1195 4157 praeter
1211 4088 1311 4141 uectu-

156 4197 221 4240 ram
245 4179 322 4242 dedi.
348 4183 377 4259 3,
403 4185 455 4246 1οε
480 4185 506 4242 si
530 4183 631 4244 hercle
655 4201 733 4243 nunc
756 4183 836 4246 ierat
859 4184 917 4243 Sex
939 4185 1053 4242 talenta
1073 4197 1181 4255 magna
1195 4180 1312 4254 argenti

148 4295 208 4352 pra
229 4279 297 4339 istis
318 4282 535 4354 praesentaria
580 4278 618 4356 V,
646 4283 675 4359 2,
697 4283 754 4343 43:
801 4283 893 4354 Quam
922 4285 954 4340 ut
982 4293 1040 4340 nou
1067 4295 1123 4354 ego
1145 4279 1233 4338 istum
1252 4293 1312 4350 pra
