3004 4764
470 282 502 323 11.
529 283 703 328 ΡΙΟΙΙΟΙΙΙΙΑ
715 283 972 326 summumve.
1242 293 1306 352 m

143 461 317 534 redonare
340 475 399 522 non
420 460 555 533 molioni,
578 455 633 522 ubi
647 455 702 522 vix
715 474 795 538 opus
811 461 863 524 est
877 475 951 524 enm
965 457 1108 524 &mem
1129 463 1163 523 et
1175 458 1308 526 Sohund·-

142 554 220 622 doro
236 553 397 636 corrigere
415 558 485 616 item
498 587 542 601 -
555 560 597 625 ut.
618 571 692 619 nam
713 557 792 617 mem
810 587 842 602 -·
863 559 942 631 quod
961 560 1051 621 reete
1070 573 1107 620 so
1129 555 1228 622 hebet
1248 556 1308 622 ime

144 650 334 718 sententiez·
352 651 432 717 seito
454 666 569 733 ugrum
591 650 703 716 oedem
731 652 856 717 notione
885 657 1104 733 comparatum
1128 669 1200 717 esse
1223 671 1248 717 s
1272 671 1308 719 se

144 747 264 814 hebere
287 761 351 828 qne
371 747 539 814 hominem.
582 748 688 814 Pleni.
713 748 778 814 Mil.
795 749 837 827 11,
862 755 891 830 3,
917 755 970 816 32:
994 753 1094 812 eaden
1115 753 1164 812 iili
1183 753 1310 814 insidier

143 849 230 922 debe
253 845 294 910 nd
309 862 338 926 q.
354 846 376 910 l.
391 845 495 912 Linde
518 849 653 918 „Endon
666 845 729 912 obl.
745 844 927 928 significans
940 867 1013 919 soto,
1033 851 1130 913 emet.
1161 847 1207 914 Ut
1222 846 1305 912 enim

142 961 221 1010 uuus
243 959 338 1024 seepe
360 961 419 1023 pro
440 943 532 1013 idem)
554 942 655 1010 veluti
674 955 738 1007 ooo
758 964 807 1008 res
829 944 920 1026 cepe
943 945 1003 1024 ΙΙΙ,
1029 952 1055 1025 1,
1084 949 1134 1025 28,
1165 946 1211 1010 itu
1230 961 1305 1010 oon·

146 1044 199 1106 tre
219 1040 298 1102 idem
320 1057 417 1122 snepo
446 1059 504 1121 pro
533 1061 620 1104 onos.
665 1041 709 1106 Et
730 1039 1009 1122 frequentissimus
1037 1048 1088 1108 est
1113 1061 1192 1108 usus
1212 1041 1309 1108 huius

151 1135 284 1204 ebionei
305 1141 407 1202 eodem
428 1139 514 1218 opud
535 1137 694 1203 Plautum.
743 1137 789 1203 nt.
812 1136 906 1204 Penei
929 1140 989 1204 Iex.
1004 1139 1108 1206 Plout
1125 1140 1155 1205 h.
1172 1157 1199 1204 v.
1217 1139 1307 1220 eope

148 1233 191 1314 11,
208 1239 237 1309 3,
254 1239 310 1300 99:
334 1238 451 1300 Eadem
473 1238 683 1312 percontabor,
707 1240 794 1313 ecqui
816 1238 894 1299 huno
916 1239 1138 1301 adulescentem
1161 1239 1309 1303 noverit.“

150 1329 278 1398 Terent.
302 1333 383 1398 Eun.
406 1333 450 1412 ΙΙ,
480 1338 587 1412 1,1ez
622 1336 726 1397 Adeon
754 1337 889 1398 homines
919 1338 1096 1398 immutarier
1120 1340 1169 1397 Ex
1197 1353 1308 1412 umore,

148 1436 262 1492 utnon
284 1449 447 1508 cognosces
469 1432 595 1494 eundem
617 1450 694 1507 esse,
716 1451 759 1496 sc.
783 1430 950 1496 hominem.
996 1431 1127 1497 Usitote
1155 1437 1205 1498 est
1234 1449 1308 1498 con·

144 1526 264 1592 iunctio
281 1545 309 1590 v.
329 1530 494 1592 eoeneum
516 1529 757 1608 pronominibus
775 1528 1044 1607 demonstrativis,
1068 1547 1163 1610 quum
1185 1530 1218 1594 in
1239 1547 1309 1594 rem

147 1623 291 1690 Lindem.
312 1624 631 1704 inminutione
653 1623 748 1690 offert
772 1625 915 1690 eiusdem
939 1643 1051 1692 suenus
1073 1645 1102 1692 v.
1129 1631 1205 1694 160:
1228 1631 1308 1692 idom

146 1723 212 1785 hoe.
236 1720 274 1786 of.
297 1721 353 1798 IV,
378 1728 407 1802 2,
431 1728 486 1788 50:
520 1727 635 1788 Multae
656 1725 735 1786 idem
755 1726 831 1788 istun
856 1726 933 1786 alise
951 1727 1083 1799 eupiunt.
1127 1725 1233 1790 Docet
1252 1739 1310 1787 eu·

144 1823 208 1884 tem
231 1819 428 1886 Ritsehelins
450 1820 512 1885 ind.
537 1819 633 1890 schol.
648 1820 749 1886 Bonn.
769 1821 853 1902 184}
866 1838 897 1901 p.
918 1824 956 1884 10
978 1819 1069 1902 lorge
1089 1821 1310 1902 exemplorum

148 1917 240 1996 oopiu
261 1917 373 1997 eliste,
406 1921 484 1980 idem
506 1936 578 1984 oum
605 1937 695 1999 pron.
727 1919 899 1984 demonstr.
926 1917 1072 1982 iunctum
1099 1919 1308 1998 praemittere

146 2014 251 2082 solere
271 2016 418 2094 comicos
442 2033 505 2082 non
520 2019 724 2096 postponere,
744 2015 859 2095 quibus
883 2015 972 2080 eddit
987 2017 1133 2095 exempto
1147 2014 1309 2103 nonnulis,

149 2113 205 2178 nbi
226 2116 305 2174 idem
328 2119 362 2179 et
381 2117 459 2178 istim
479 2111 648 2180 interiecto
668 2111 731 2178 olio
754 2113 940 2193 pronomine
962 2113 1123 2193 dirempto
1144 2118 1231 2190 sunt,
1262 2112 1309 2176 di·

148 2210 254 2291 oitque
277 2228 380 2290 panon
402 2215 512 2276 exiere
535 2208 686 2274 contrarii
708 2212 835 2290 generis
858 2209 1012 2290 exemplo.
1047 2213 1192 2290 Denique
1215 2207 1310 2275 offert

146 2308 291 2388 exemplo
312 2309 386 2387 duo,
410 2309 465 2373 nbi
486 2309 594 2374 innota
615 2310 971 2384 sententiosum
992 2313 1033 2371 tu.

400 2477 442 2541 ΙΙ.
486 2477 717 2542 Pronominu
738 2475 1055 2542 demonstrative.

231 2601 281 2662 17.
316 2596 392 2660 Trio
407 2602 517 2664 extent
530 2599 719 2679 pronomine
732 2599 994 2678 demonstrative,
1017 2601 1203 2669 immillo,
1226 2615 1308 2678 queo

144 2694 275 2775 proprie
297 2694 425 2774 quidem
455 2696 650 2776 respondent
672 2696 776 2762 tribus
803 2697 949 2778 personis
975 2696 1169 2776 pronominis
1198 2713 1308 2776 perso·

142 2791 239 2870 nelis,
268 2791 383 2858 deinde
402 2797 511 2858 nutem
534 2793 631 2857 etiem
653 2791 900 2875 significationes
922 2798 1129 2875 eeeeperunt,
1157 2811 1242 2872 queo
1262 2793 1309 2858 h-

146 2890 212 2957 tius
235 2892 356 2970 petent
401 2889 580 2970 Aliquotios
602 2893 650 2954 iiie
671 2897 706 2956 et
725 2894 777 2954 iile
798 2891 831 2956 in
851 2891 977 2957 dnobus
993 2891 1142 2956 membris
1165 2889 1308 2956 eiusdem

148 2986 379 3055 munerationis
413 2987 635 3067 inveniuntur,
673 2993 710 3054 ut
739 2988 865 3054 Terent
897 2987 1024 3052 Phorm.
1051 2989 1094 3068 ΙΙ,
1133 2995 1160 3068 l,
1189 2993 1230 3058 36
1259 3005 1307 3068 so.

145 3085 245 3151 Andr,
265 3083 292 3161 Ι,
316 3091 348 3164 4,
371 3090 405 3150 6:
435 3089 487 3162 Di,
511 3089 580 3149 doto
603 3087 793 3162 fooultetem,
814 3117 857 3134 *-
878 3087 961 3148 Heio
983 3089 1122 3162 pertundi
1149 3096 1239 3164 etque
1260 3086 1309 3147 iiii

148 3185 179 3244 in
201 3185 270 3247 eliis
293 3186 394 3259 potius
416 3187 697 3260 peccaminoso,
721 3183 762 3250 ed
783 3199 813 3262 q.
835 3183 855 3246 l.
878 3182 1021 3246 Ruhnk.:
1058 3184 1146 3253 „hoio
1167 3181 1309 3248 retertur

145 3280 187 3346 ud
208 3279 393 3360 mulierem,
415 3295 498 3358 queo
520 3281 620 3361 perit,
643 3281 734 3345 nnius
755 3281 875 3344 mentio
897 3297 925 3344 v.
950 3285 985 3360 3,
1006 3281 1054 3342 iiii
1075 3281 1115 3346 sd
1138 3279 1309 3360 compotri-

148 3393 226 3458 oem,
249 3375 339 3442 cuius
360 3376 480 3441 mentio
503 3395 532 3442 v.
556 3383 585 3455 5,
607 3393 713 3456 neque
732 3393 860 3456 semper
882 3391 993 3441 verum
1015 3381 1074 3455 est,
1097 3377 1182 3456 qnod
1203 3391 1309 3458 gnum·

146 3473 255 3542 medei
277 3473 423 3554 uadunt,
455 3476 505 3536 iiie
524 3475 565 3540 nd
587 3475 812 3556 propinquius,
846 3475 899 3536 iile
918 3473 961 3537 ed
981 3473 1136 3540 remotius
1163 3473 1308 3553 reterri,“

148 3589 219 3638 eum
242 3589 305 3651 quo
329 3570 436 3637 confer
458 3571 554 3636 etiem
574 3572 670 3638 Hoes.
694 3570 737 3635 ed
755 3571 875 3651 Reisig.
891 3588 921 3650 p.
939 3573 1001 3636 359
1022 3587 1071 3650 sq.
1093 3572 1200 3636 adnot
1215 3571 1308 3637 ansb.

150 3667 386 3748 Nonnunquam
408 3667 493 3734 idem
514 3679 689 3749 pronomen
711 3667 998 3734 demonstrativum
1019 3667 1053 3734 in
1075 3668 1186 3734 eudem
1210 3684 1310 3734 enne·

149 3764 286 3834 dodone
301 3766 350 3834 bis
365 3764 418 3832 vel
433 3771 483 3832 ter
497 3767 638 3846 ponitur,
660 3767 708 3832 ite
729 3770 768 3830 ut
788 3766 947 3830 interdum
968 3766 1010 3831 ed
1029 3765 1175 3832 diuersm
1196 3783 1309 3830 unom-

151 3861 301 3941 uuodqne
322 3863 468 3928 notiones
490 3868 624 3943 spectet,
646 3880 742 3943 quem
764 3861 799 3926 in
819 3880 888 3927 rom
910 3861 1004 3928 offert
1018 3862 1181 3945 Reisigius
1199 3880 1231 3943 p.
1245 3867 1308 3928 uei

147 3957 252 4026 Pione.
274 3959 391 4026 Bacch.
414 3959 475 4040 ΙΙΙ,
497 3968 528 4039 4,
553 3965 607 4026 12:
644 3963 722 4037 Qn'ni
748 3963 787 4023 ud
811 3963 891 4024 huno
915 3965 1034 4024 nundum
1061 3965 1136 4024 haee
1159 3963 1209 4022 itio
1233 3975 1309 4037 onus

145 4057 248 4120 istoru
269 4057 409 4121 isbuilor?
445 4061 478 4121 et
500 4056 543 4124 ib.
566 4075 594 4124 V.
617 4065 651 4122 4:
684 4061 730 4120 No
752 4060 808 4120 iiio
829 4060 898 4120 dtur
917 4062 1020 4122 herote
1048 4077 1115 4122 eum
1137 4063 1215 4122 mulo
1235 4058 1310 4120 ionii

147 4174 211 4222 suo.
248 4153 365 4221 Pseud.
381 4153 441 4234 ΠΙ,
465 4159 494 4234 2,
518 4160 573 4221 34ε
599 4159 693 4231 Quom
716 4158 803 4218 husee
822 4157 940 4220 herine.
957 4158 1150 4220 hemundi
1171 4160 1202 4218 in
1224 4171 1310 4218 sunm

145 4256 243 4318 einum
271 4261 444 4328 congerunt.
489 4251 708 4318 Menon-sonus
737 4258 788 4319 est
817 4253 997 4322 coniunctio
1028 4255 1076 4318 din
1103 4256 1168 4334 ilde,
1201 4252 1249 4316 itu
1273 4257 1311 4314 nt
