3058 4766
481 253 569 294 cneus
585 251 853 296 SUBSTAH'HVORUH.
873 273 895 287 -
913 253 1016 294 ABLAT.
1261 263 1321 324 148

173 427 243 494 llil.
255 425 310 506 IV,
327 430 356 506 3,
375 430 430 494 18;
452 430 495 492 Ut
517 430 670 494 adoratur
691 429 857 508 moechum,
879 430 930 505 qni
950 429 1079 503 sm
1101 427 1194 492 ieros.
1211 425 1324 510 Amph.

172 525 217 606 11,
245 529 275 606 2,
306 527 381 590 1833
420 527 498 601 Quid
523 545 584 606 eqo.
605 526 678 603 ieci,
713 544 776 602 qao
800 529 895 590 istaec
921 533 1046 604 prepter
1078 527 1160 588 dicta
1189 527 1325 591 dicentur

171 623 266 686 mihi?
308 619 394 688 Meu.
417 639 445 687 v.
470 628 549 690 151:
585 619 726 703 Litissiuul
748 625 833 687 tibist
854 643 921 688 erun
943 642 1050 688 more:
1088 641 1121 689 eo
1146 627 1187 686 mi
1213 626 1266 688 ahs
1293 631 1324 686 te

171 737 262 788 earm
286 722 403 785 cautim
425 718 581 800 (tedbald).
605 721 692 790 Pers.
716 740 746 788 ι.
769 723 830 786 785
853 723 888 786 et
902 718 1000 788 Mero.
1023 741 1052 787 v.
1077 723 1139 811 388
1161 739 1202 784 eo.
1225 717 1323 786 Mero

170 833 199 883 v.
224 820 413 886 elthecon
434 820 469 882 dt
491 823 568 897 qnia.
591 818 678 886 Asin.
715 818 754 899 V,
779 824 806 896 1,
831 821 1076 883 recensere
1097 822 1167 898 quin
1188 820 1243 882 tihi
1264 837 1324 887 noo

171 919 288 994 cupiam
311 934 386 993 quae
409 919 491 981 velis.
538 915 610 982 Aul.
633 916 675 994 Π,
700 921 730 997 2,
754 919 809 983 63:
847 920 895 980 Eo
917 918 995 997 dieo,
1018 935 1123 982 neme
1147 919 1324 980 thensauros

170 1016 341 1091 repperisse
364 1031 495 1078 censeas.
540 1013 622 1080 Rud.
644 1013 704 1094 IV,
727 1020 764 1095 4,
788 1019 841 1081 70:
878 1018 927 1078 Eo
949 1023 1067 1094 tacent,
1105 1016 1175 1092 quia
1200 1017 1324 1078 tacitaet

171 1115 276 1176 melior
300 1114 407 1176 mulier
436 1131 554 1190 semper
581 1131 669 1192 quem
696 1119 830 1192 loquens.
875 1111 990 1193 Amph.
1013 1111 1080 1192 111,
1103 1117 1137 1193 2,
1161 1116 1216 1178 32:
1253 1113 1321 1174 Non

172 1209 279 1286 edepol
299 1227 357 1284 qao
380 1218 410 1272 te
433 1229 500 1274 csse
523 1213 693 1288 inpudicam
716 1213 879 1278 crederem.
902 1209 1026 1276 Terent.
1046 1209 1124 1276 Hoc.
1144 1207 1190 1288 II,
1217 1214 1242 1287 l,
1265 1213 1320 1272 45:

170 1308 229 1370 Ubi
243 1309 354 1372 duxere
368 1311 491 1384 inpulere
511 1315 617 1380 coeno,
638 1315 737 1372 cestro
757 1312 879 1386 capuae
901 1311 1020 1374 eaedem
1043 1312 1174 1386 erigunt.
1198 1305 1244 1372 lb.
1266 1305 1321 1384 IV,

168 1411 198 1485 4,
219 1408 273 1470 65:
292 1407 413 1481 osche
435 1408 545 1470 duxisti
565 1425 637 1469 meo.
659 1405 736 1473 Hes
756 1404 837 1488 prol.
849 1406 875 1487 Ι,
896 1425 927 1471 v.
943 1412 978 1472 t:
1008 1409 1056 1470 lta
1076 1410 1204 1484 populus
1225 1405 1322 1468 emoto

167 1506 304 1582 stupidus
326 1507 358 1564 in
379 1503 549 1567 funambulo
564 1507 701 1568 Animum
723 1513 894 1582 occuparat,
918 1503 949 1570 h.
965 1522 992 1569 e.
1015 1508 1148 1584 propter
1170 1501 1320 1568 studium.

166 1599 246 1666 nee
270 1599 313 1678 ΙΙ,
339 1607 366 1680 1,
388 1605 446 1664 41:
473 1605 583 1666 lassam
605 1605 716 1681 oppido
739 1605 842 1666 aibant
864 1610 926 1666 tum
948 1621 1031 1666 esse:
1059 1620 1091 1664 eo
1113 1602 1151 1664 sd
1174 1619 1238 1664 eam
1261 1618 1320 1665 nou

168 1701 300 1762 admissa
321 1718 393 1762 snm.
430 1697 547 1764 Heaot.
570 1699 630 1779 111,
652 1706 683 1780 2,
701 1705 757 1766 43:
780 1703 883 1779 Neque
905 1718 1037 1762 comune
1060 1702 1135 1774 dico,
1158 1716 1215 1774 quo
1237 1701 1319 1774 qnie-

167 1815 255 1876 quam
277 1799 361 1859 illum
389 1801 543 1861 senserim.
586 1797 778 1878 Eun.1,2,
803 1802 855 1862 16:
893 1800 959 1861 Nou
982 1801 1043 1874 pol,
1066 1815 1123 1873 qao
1145 1814 1318 1874 quemquam

166 1899 237 1974 plus
261 1912 356 1986 amem
378 1903 430 1958 aut
451 1897 520 1974 plue
543 1899 679 1975 diligam,
707 1899 755 1960 Eo
777 1896 845 1960 ieci.
889 1893 1023 1975 Adelph.
1045 1893 1085 1975 V,
1107 1899 1137 1975 3,
1162 1897 1214 1960 39:
1251 1896 1318 1956 Non

165 2011 225 2070 qao
248 1994 401 2056 dissimilis
423 2012 473 2057 ree
495 1998 544 2070 sit,
571 1996 624 2057 sed
645 2013 702 2071 qao
723 1998 749 2058 is
772 1998 822 2073 qui
836 1995 919 2070 tecit,
942 1992 983 2059 ad
1005 2010 1034 2072 q.
1056 1991 1076 2058 l.
1100 1989 1181 2058 conl.
1209 1989 1318 2056 Ruhn-

168 2089 307 2156 hemum.
329 2089 446 2156 Hoeut
470 2090 529 2171 111,
554 2096 581 2171 1,
606 2096 646 2157 96
669 2109 730 2173 eq:
754 2111 792 2156 an
813 2110 846 2154 eo
866 2095 914 2172 fit,
938 2095 1008 2170 quia
1028 2110 1062 2154 re
1085 2094 1116 2153 in
1138 2098 1242 2152 nostra
1263 2097 1315 2152 aut

164 2190 271 2268 gaudio
294 2190 399 2252 Sumus
421 2191 592 2266 praepediti
619 2193 709 2254 nimio
738 2199 790 2254 ant
812 2191 1020 2267 aegritudine?
1063 2185 1198 2268 Adelph.
1221 2185 1264 2266 ΙΙ,
1286 2192 1316 2264 4,

166 2289 199 2350 6:
231 2289 277 2348 Ne
305 2287 337 2348 id
367 2288 544 2350 adsentandi
576 2291 669 2366 magis
700 2308 787 2366 quam
816 2306 874 2364 qao
906 2291 1030 2351 habeam
1055 2295 1188 2366 matum,
1214 2285 1315 2348 iacere

166 2387 334 2448 existumee.
361 2383 496 2464 Adelph.
517 2383 577 2464 III,
601 2390 630 2462 2,
654 2390 695 2452 28
710 2403 771 2466 eq:
793 2390 918 2452 Alienus
941 2395 988 2450 eet
1009 2388 1047 2448 ab
1070 2394 1173 2449 nestra
1193 2383 1314 2445 ismilia

164 2478 246 2548 SOS·
269 2486 355 2558 Hem,
376 2484 467 2556 Perii,
489 2501 550 2558 dua
569 2483 622 2544 rt?
642 2483 719 2550 Heo.
734 2483 789 2560 IV,
815 2489 842 2560 l,
865 2487 919 2550 38:
941 2485 1047 2546 Nonne
1060 2485 1245 2546 dissimulare
1262 2501 1315 2546 uos

163 2583 256 2658 magis
278 2581 465 2642 humanumst
492 2599 578 2657 quam
601 2583 673 2646 dare
695 2601 817 2659 operam
838 2583 869 2644 id
892 2580 970 2646 scire
996 2585 1048 2658 qea'
1069 2600 1123 2644 nos
1145 2583 1256 2655 oderit,
1283 2577 1314 2646 h.

164 2695 190 2743 e.
216 2694 311 2760 quom
332 2677 373 2742 ob
396 2695 473 2742 rem.
517 2676 594 2745 Heo.
617 2678 677 2758 III,
701 2683 728 2758 3,
751 2685 786 2744 4:
815 2682 881 2758 Quo
901 2699 947 2742 me
969 2687 1095 2756 propter
1117 2681 1313 2742 exanimatum

164 2778 251 2840 eitius
274 2777 362 2838 eduxi
393 2775 483 2838 iores.
528 2775 661 2856 Adelph.
685 2775 744 2854 IV,
777 2782 808 2856 1,
835 2781 888 2842 21:
929 2779 1041 2840 homini
1068 2780 1137 2840 ilico
1165 2779 1314 2836 lacrumae

165 2876 277 2938 cadunt
300 2877 391 2950 Quasi
412 2893 508 2951 puero
529 2876 648 2950 paeda
689 2874 787 2940 Andr.
811 2874 849 2953 V,
871 2881 901 2954 4,
925 2878 960 2938 6:
997 2878 1083 2936 Itane
1109 2877 1166 2936 hnc
1191 2880 1314 2951 paratus

165 2972 305 3036 aduenis?
327 2969 390 3036 CR.
413 2975 480 3051 Qec
499 2973 553 3034 rc?
585 2971 683 3038 Andr.
704 2972 759 3050 IV,
782 2978 812 3053 2,
834 2977 868 3038 8:
891 2975 1004 3052 datheo
1027 2971 1171 3052 (nuptiis)
1195 2973 1312 3048 quidem

165 3087 253 3146 quam
279 3070 367 3132 facilc
394 3078 535 3147 potuerat
557 3074 685 3148 quiesci,
713 3074 739 3134 si
761 3075 810 3134 hic
833 3073 978 3152 quiesset!
1007 3067 1038 3133 h.
1067 3087 1093 3132 e.
1124 3079 1228 3152 terget
1263 3068 1313 3130 bet

165 3166 206 3240 (t.
230 3163 258 3247 3.
282 3168 351 3232 mod
375 3164 532 3249 onbettllit
553 3165 613 3245 tie)
635 3163 773 3252 hoderit
795 3166 903 3234 incute
926 3185 998 3234 mon
1022 3163 1112 3247 diade
1135 3163 1242 3246 hohen.

247 3263 319 3333 Huc
355 3265 519 3345 pertinent
553 3267 649 3334 etiem
691 3266 822 3334 ablativi
861 3285 953 3330 caasa
989 3270 1023 3331 et
1052 3268 1162 3342 prolia.
1214 3262 1311 3328 Naar.

162 3360 346 3444 Triphallns
367 3380 396 3428 v.
412 3368 469 3429 97:
497 3367 606 3428 amoris
628 3383 729 3428 como.
753 3363 831 3432 (lato
855 3365 894 3430 de
916 3364 1078 3430 Lusitanis
1099 3379 1148 3443 ap.
1173 3360 1310 3428 Gellium

162 3458 188 3539 1,
212 3466 229 3525 7
251 3458 388 3538 (lernau.
411 3465 462 3542 27,
485 3464 535 3538 ωε
566 3481 603 3526 ea
623 3481 721 3527 eausa.
762 3462 857 3528 Ennii
879 3461 1081 3527 Andromede
1101 3458 1140 3524 lr.
1162 3465 1197 3524 4:
1220 3461 1309 3522 Libe·

161 3577 225 3620 rum
247 3561 449 3636 quaesundum
470 3577 570 3625 caesa
614 3559 666 3625 Fr.
689 3560 749 3626 ino.
772 3565 852 3641 trag.
878 3564 933 3624 26:
971 3564 1017 3624 eni
1044 3567 1185 3639 quaestus
1208 3575 1308 3622 corea

160 3653 361 3724 Euhemerus
382 3655 421 3724 ir.
445 3663 473 3738 3,
499 3662 551 3724 12:
574 3661 638 3721 eius
661 3661 706 3722 rei
728 3675 826 3722 meon.
871 3657 975 3724 Plaut.
999 3655 1112 3739 Amph.
1139 3655 1174 3738 I,
1197 3662 1231 3736 3,
1254 3659 1309 3720 42:

160 3755 231 3818 Noli
253 3757 365 3826 amabo,
387 3759 580 3836 Amphitruo,
601 3759 693 3818 irasci
715 3758 818 3819 Sosiae
841 3775 932 3820 coam
952 3775 1027 3823 meo.
1052 3754 1129 3822 cist.
1151 3755 1177 3835 l,
1202 3760 1229 3835 l,
1252 3759 1308 3820 83:

161 3871 221 3928 qao
243 3857 406 3918 armeniae
428 3871 520 3918 mean
541 3855 579 3916 ad
600 3871 647 3916 me
670 3857 754 3932 estis,
775 3857 908 3931 eloquer.
932 3853 1024 3920 Troo.
1046 3853 1089 3932 11,
1111 3859 1141 3935 5,
1163 3856 1197 3918 8:
1218 3855 1310 3916 Lucri

159 3967 251 4014 eooao
272 3969 364 4014 auara
391 3955 533 4028 probrum
556 3971 619 4016 sum
642 3960 791 4014 exsecuta
834 3950 949 4018 Pseud.
971 3951 997 4032 I,
1022 3956 1050 4031 l,
1075 3955 1151 4016 120:
1183 3953 1308 4014 Pietatis

159 4065 266 4112 measa
287 4052 335 4114 vel
359 4053 448 4112 etiarn
470 4058 594 4112 matrem
617 4067 748 4126 quoque,
771 4065 864 4129 quem
886 4047 991 4117 locum
1013 4066 1075 4114 non
1103 4051 1189 4114 recte
1211 4048 1309 4112 inter·

160 4149 309 4224 pretatur
336 4145 467 4213 Rostins
501 4152 665 4212 comment.
702 4145 805 4210 Pleni.
831 4164 862 4227 p.
891 4151 962 4218 233,
985 4151 1073 4212 recte
1107 4144 1308 4225 hedewigius

159 4241 312 4309 Zeitschr.
340 4241 359 4307 l
384 4245 448 4310 Ait.
477 4248 568 4320 1842,
590 4261 621 4325 p.
647 4247 738 4310 1073.
785 4243 882 4310 Mero.
904 4245 936 4325 Ι,
962 4249 998 4324 2,
1028 4248 1082 4310 27;
1123 4245 1186 4306 Tua
1207 4259 1306 4304 eausa.
