3004 4764
482 282 525 324 111.
558 281 717 324 PRONOHEN
731 279 907 322 unitivum.
1226 286 1290 348 887

220 456 270 518 25.
299 471 326 518 e.
348 453 499 518 Adroetc'o
522 460 707 533 poemen
733 457 861 518 rotomi.
912 453 1091 521 Pronomen
1118 453 1289 520 relativum

134 551 323 632 saepissime
351 569 423 618 oum
444 555 570 620 nomine
592 554 643 620 vel
663 554 867 636 pronomine,
904 553 945 618 nd
966 552 1051 632 quod
1073 549 1227 631 refertur,
1259 550 1294 618 in

133 669 230 718 unam
248 649 500 718 enunciationem
510 652 544 718 iu
559 652 671 718 eodem
687 671 764 719 casu
773 651 912 734 positum
923 649 1134 731 coniungitur.
1158 649 1294 726 (Eodem

133 748 228 814 modo
261 748 348 828 spud
375 747 531 830 Graecos,
560 769 599 816 ex
626 750 741 830 quibus
771 749 918 829 exemplu
938 747 1011 814 vide
1032 765 1082 829 ep.
1118 745 1237 812 Bernh.
1259 763 1292 828 p.

136 851 197 912 302
225 849 259 910 et
285 847 370 916 303).
415 843 466 911 Sic
496 865 577 914 urso.
621 846 812 929 Delphicum
833 863 884 927 sp.
908 845 974 910 Lis.
997 844 1041 922 V,
1074 847 1126 911 162
1168 863 1292 922 memor,

138 963 227 1020 prom
248 961 304 1020 per
319 950 365 1006 tot
386 962 481 1008 annos
503 949 613 1010 circum
638 949 749 1010 obsidis
763 949 876 1025 ordea,
898 963 935 1008 ex
957 963 995 1008 ea
1013 947 1122 1006 tibi-
1138 945 1294 1010 vintoniam

136 1048 235 1107 datam
269 1041 327 1118 (sic
354 1042 477 1108 emend.
503 1042 613 1108 Herm.
644 1042 734 1108 elem.
762 1062 793 1124 p.
822 1047 894 1110 617.
938 1042 1033 1124 Apud
1053 1040 1179 1106 Livium
1200 1039 1293 1106 deest

135 1145 246 1204 ciram
268 1143 301 1204 et
323 1144 373 1204 est
394 1143 507 1204 obsides
527 1157 586 1221 pro
608 1143 737 1217 obside).
777 1138 856 1206 Cato
879 1140 915 1206 R.
938 1139 975 1205 R.
998 1136 1112 1220 praei:
1149 1141 1236 1202 Nunc
1249 1171 1294 1184 --

136 1241 215 1314 qaod
245 1241 370 1314 promisi
396 1241 563 1301 lutatam
585 1242 768 1315 paeceptum
795 1243 852 1302 hoc
879 1241 946 1303 erit.
991 1236 1025 1303 O.
1056 1240 1090 1302 6:
1135 1239 1194 1315 Qui
1215 1238 1294 1298 tooaoe

138 1339 207 1400 nino
233 1339 360 1413 optimus
385 1338 501 1398 dicetur
523 1356 589 1400 esse
612 1345 643 1400 et
664 1345 801 1400 ostentus
825 1340 895 1413 soli,
917 1338 961 1400 tot
982 1339 1138 1400 Amineum
1158 1367 1203 1378 -
1223 1351 1294 1398 eon·

139 1438 241 1498 serito.
285 1432 345 1497 Iu:
390 1437 448 1512 Qut
480 1436 559 1496 coos
594 1453 713 1498 crassus
742 1437 865 1498 erit-
887 1437 929 1496 ibi
951 1437 1109 1497 Amineum
1135 1436 1231 1494 mains
1250 1461 1294 1476 -

141 1535 242 1594 serito.
294 1529 328 1596 0.
357 1535 412 1596 35:
457 1534 606 1596 Hordeum
635 1535 686 1607 qut
708 1535 787 1595 uua
808 1551 900 1596 novus
923 1536 982 1594 erit
1003 1539 1056 1594 aut
1077 1536 1128 1610 qui
1147 1530 1294 1594 restibilis

140 1631 208 1692 fieri
234 1633 360 1706 poterit,
399 1633 492 1693 serito
522 1631 578 1706 (sc.
601 1633 643 1692 ibi
670 1648 694 1695 s.
722 1634 754 1692 in
786 1632 843 1706 eo).
888 1633 1079 1693 [trimestrem
1100 1647 1157 1705 que
1178 1631 1212 1692 c'o
1232 1627 1295 1688 loco

143 1735 305 1790 sementem
339 1736 484 1790 maturam
518 1729 618 1791 lacere
651 1749 711 1790 nou
742 1731 878 1805 potueris
914 1736 946 1790 et
975 1731 1028 1802 qut
1050 1730 1129 1789 been
1149 1725 1294 1789 restibilis

141 1827 338 1887 crassitudine
360 1827 426 1888 fieri
447 1829 568 1904 poterit,
593 1831 653 1889 seri
676 1833 803 1903 oportet.
848 1823 882 1890 Ο.
905 1829 961 1890 4οε
989 1833 1098 1903 postea
1119 1826 1218 1900 oepito
1239 1819 1297 1882 titi

141 1927 306 1998 surculum,
346 1926 423 1998 qood
452 1942 545 2000 penae
572 1928 707 1988 inserere
737 1929 828 1986 voles.
879 1920 912 1988 G.
940 1929 997 1988 41:
1040 1923 1173 1986 Terebra
1205 1921 1297 1982 vitem

141 2039 228 2098 quam
250 2024 375 2096 inseres,
398 2024 580 2102 pertundite,
604 2042 641 2086 eo
663 2024 737 2085 duos
760 2024 896 2084 surculos
917 2024 1085 2100 siligineos,
1107 2019 1185 2095 qaod
1203 2034 1298 2095 om

141 2138 209 2181 esse
232 2123 328 2194 voles,
356 2123 487 2182 insectos
510 2123 645 2197 obliquos
668 2124 759 2182 art-ito
783 2122 820 2182 cd
841 2122 1009 2183 medullam.
1054 2117 1087 2184 Ο.
1110 2122 1167 2184 42:
1210 2113 1299 2195 Quod

137 2235 230 2293 penus
251 2225 302 2278 ant
323 2219 410 2279 ficum
434 2225 484 2279 aut
506 2221 603 2280 oleum
626 2237 691 2281 esse
708 2223 800 2294 voles,
823 2221 892 2281 iude
908 2222 1015 2282 librum
1030 2223 1149 2296 scalpro
1164 2216 1296 2288 eximite,

141 2321 268 2378 alterum
304 2318 412 2377 librum
440 2334 505 2377 oum
532 2335 647 2394 gemma
675 2318 711 2377 de
734 2335 770 2379 eo
792 2319 864 2394 fico,
897 2317 975 2393 qaod
999 2333 1092 2392 penus
1113 2331 1180 2378 esse
1203 2315 1296 2386 voles,

144 2415 274 2473 eximito.
320 2409 400 2476 Octo
428 2411 533 2476 suasio
560 2412 642 2493 legis
672 2412 833 2479 Voconiae
859 2432 910 2495 ap.
933 2413 1020 2479 Serv.
1043 2412 1085 2477 ed
1106 2410 1194 2492 Virg.
1216 2409 1296 2472 Aen.

139 2506 166 2586 Ι,
191 2511 267 2572 573:
290 2509 408 2583 Aprem
429 2527 513 2582 qoem
534 2514 580 2572 vir
601 2513 692 2572 habet
712 2515 829 2575 tollitur
847 2507 898 2591 (ol.
913 2513 1032 2594 Meyer.
1049 2509 1098 2575 ed.
1114 2509 1157 2588 ΙΙ,
1172 2524 1202 2588 p.
1223 2508 1294 2570 101.

141 2603 284 2670 Bolhuis.
311 2607 397 2683 154),
427 2622 503 2685 pro:
532 2623 626 2688 ager,
650 2623 744 2686 quem
765 2609 815 2673 vir
835 2609 950 2690 habet,
974 2607 1107 2674 tollitur.
1151 2603 1224 2670 Huc
1244 2619 1297 2666 re-

140 2700 309 2768 ferendum
336 2702 398 2766 erit
424 2703 521 2767 etiem
541 2709 777 2779 quotmensibus
796 2733 840 2762 =
862 2707 995 2789 singulis
1017 2703 1189 2784 mensibus,
1211 2698 1298 2782 qnod

141 2800 262 2882 legitur
283 2800 369 2882 apud
391 2799 543 2866 Catonem
564 2801 603 2868 R.
625 2803 663 2867 R.
686 2821 712 2868 c.
735 2809 792 2885 43,
822 2806 970 2886 qnodque
992 2821 1051 2886 per
1071 2799 1296 2868 attractionem

140 2899 259 2966 dictum
281 2904 361 2980 puto
383 2916 456 2980 pro:
480 2898 652 2979 mensibus,
675 2906 753 2982 quot
775 2909 859 2970 sunt.
902 2903 1005 2969 Plout.
1028 2898 1141 2982 Amph.
1163 2896 1244 2979 prot
1265 2913 1297 2962 n.

141 3004 176 3063 7:
202 3001 340 3076 Quosque
361 3001 516 3075 incepistis
539 3017 586 3061 ree
608 3019 738 3078 quasque
759 3005 959 3079 inceptabitis.
1002 3000 1056 3078 IV,
1083 3003 1110 3078 l,
1135 3003 1167 3062 1:
1211 2997 1297 3060 Nae

143 3102 252 3158 erotem
273 3115 359 3172 qoem
381 3100 540 3160 convenire
562 3101 642 3160 nolui
668 3101 699 3158 in
725 3103 793 3160 nevi
814 3118 873 3162 non
894 3108 968 3162 erat
992 3098 1077 3162 Asin.
1100 3094 1160 3176 111,
1183 3099 1214 3175 3,
1236 3098 1294 3160 31:

147 3195 296 3256 Patronus
318 3197 369 3269 poc·
391 3198 474 3258 vobis
498 3195 555 3258 luit
575 3196 702 3274 iuturus,
724 3198 906 3273 perdidistis.
950 3195 1021 3260 Aul.
1042 3195 1084 3274 11,
1106 3199 1136 3274 2,
1159 3197 1212 3258 19:
1234 3195 1296 3256 Ne·

144 3294 218 3354 mini
240 3292 332 3354 credo
359 3295 411 3367 quc
431 3296 515 3371 large
537 3295 677 3357 blandust
698 3296 779 3356 dices
800 3297 939 3372 pauperi,
962 3293 991 3358 h.
1015 3311 1043 3358 e.
1065 3290 1185 3358 nemini
1205 3286 1296 3355 diviti

140 3389 194 3469 qui
219 3393 295 3454 cett.
317 3388 372 3468 IV,
395 3394 425 3465 4,
449 3393 505 3454 28:
541 3393 613 3466 Quis
634 3394 697 3454 illic
719 3400 781 3468 est,
816 3395 868 3468 poi
894 3395 974 3455 intus
1001 3395 1077 3454 atter
1104 3399 1170 3455 eret
1197 3395 1297 3452 tetum

143 3489 251 3549 simul?
295 3484 387 3567 Oapt.
415 3486 494 3568 prol.
523 3507 551 3552 v.
587 3493 618 3552 1:
655 3491 721 3551 Hos
747 3507 818 3565 quos
845 3491 951 3552 videtis
979 3498 1060 3554 stsre
1089 3492 1137 3552 hio
1168 3488 1299 3564 coptiten

144 3586 227 3655 daos,
249 3587 351 3647 Viueti
372 3588 442 3661 quia
464 3593 573 3661 astum,
595 3590 627 3650 hi
650 3595 732 3650 stant
752 3589 848 3664 ambo,
870 3607 929 3651 non
951 3589 1065 3651 sedent.
1109 3586 1293 3666 1,2,1sq.:

141 3683 212 3744 istos
236 3684 367 3758 captivos
388 3685 462 3746 duos
483 3687 558 3746 Heri
579 3703 656 3760 quos
677 3689 736 3746 emi
758 3689 795 3748 de
816 3688 930 3764 praeda
951 3705 969 3749 s
991 3687 1213 3764 quaestoribus,
1239 3683 1297 3745 llis

141 3779 238 3842 indito
262 3789 385 3844 catenas
409 3783 595 3859 singularias.
640 3779 731 3848 Ourn-
754 3782 814 3863 111,
836 3788 892 3849 49:
915 3786 968 3848 Set
988 3786 1078 3846 nam
1099 3801 1184 3858 patena
1205 3797 1296 3858 qunt-

149 3879 193 3938 ris
216 3895 270 3956 ego
293 3897 366 3942 sum.
409 3877 470 3957 ΙΙΙ,
490 3883 543 3943 63:
565 3887 600 3942 ut
614 3884 643 3942 ei
658 3881 745 3943 detur
759 3899 848 3957 quom
862 3885 930 3944 istic
945 3886 1004 3945 emi
1016 3883 1172 3958 oerum.
1200 3875 1295 3958 Epid.

147 3970 207 4051 III,
233 3979 260 4053 1,
282 3980 322 4040 8:
356 3980 435 4052 Quid
456 3980 540 4039 illum
562 3978 642 4038 ferre
664 3981 719 4056 nis,
739 3983 803 4057 qui,
827 3982 881 4042 ooo·
901 3983 970 4056 quot
991 3983 1111 4042 divitiae
1134 3979 1213 4041 domi
1232 3991 1296 4038 mn-

142 4089 249 4132 xnmee
272 4081 356 4148 snut,
384 4075 415 4136 Is
438 4077 530 4137 habes
561 4093 709 4136 nummum
734 4082 856 4142 nullum.
900 4078 960 4158 111,
982 4084 1013 4159 4,
1039 4081 1092 4143 122
1125 4076 1186 4140 ned
1205 4075 1297 4138 istum

144 4186 229 4243 eoem
251 4174 370 4247 quaeris
392 4172 588 4248 Pertprltooem
608 4175 810 4246 Portentum,
831 4179 896 4254 Ego
919 4197 998 4255 sum,
1020 4176 1117 4255 siquid
1137 4176 1191 4238 vis.
1234 4167 1297 4252 ΠΙ,

140 4303 171 4362 4,
190 4272 246 4332 22:
270 4270 356 4330 Nunc
379 4271 495 4332 demum
518 4272 580 4334 scio
602 4289 657 4349 ego
679 4275 757 4336 hunc
779 4277 830 4351 qui
852 4279 905 4350 sit3
928 4293 1012 4352 poen
1033 4275 1141 4341 dudum
1152 4269 1298 4348 Epidicus

1019 4383 1081 4444 25*
