3040 4758
205 278 248 334 48
628 267 784 308 SUBSTANT.
806 266 869 306 cbl’.
885 268 925 308 lll.

205 440 252 505 Ib.
284 459 312 504 v.
340 445 394 506 15:
427 451 571 502 remotum
598 474 641 486 -—
668 443 718 502 Ab
747 443 844 504 ornato
872 451 960 516 atque
988 443 1026 500 ab
1053 444 1153 506 labore
1181 452 1269 518 atque
1297 454 1364 504 arte

206 541 327 600 musica.
374 537 454 600 Eun.
473 533 532 614 ΙΙΙ,
557 542 586 614 b,
610 543 644 602 9:
667 541 764 599 Adibo
788 549 876 614 atque
900 541 938 598 ob
960 557 992 598 eo
1014 543 1141 615 gratiam
1164 541 1251 612 hanc,
1276 560 1365 616 quam

207 639 292 696 video
308 639 395 710 velle,
419 637 510 708 inibo,
535 633 588 696 ubi
605 634 676 698 vide
692 634 929 700 adnotationem
946 635 1064 699 Donati
1080 642 1113 716 et
1128 635 1184 700 cfr.
1202 635 1364 702 Schaeffe-

206 751 276 794 rum
300 750 330 812 p.
354 739 382 796 4.
428 729 544 794 Heaut.
570 731 593 804 I,
623 739 648 810 l,
673 737 726 795 25:
758 737 853 793 Homo
876 752 949 808 snm,
972 735 1091 793 humani
1114 737 1155 794 nil
1179 753 1198 792 a
1219 754 1264 798 mc
1288 738 1364 796 alie·

207 851 274 892 num
298 839 380 906 puto.
425 826 560 906 Adelph.
583 827 621 905 V,
645 833 675 905 8,
698 834 754 892 21:
787 833 853 891 Etsi
879 833 934 891 hoc
957 832 1029 890 mihi
1051 850 1190 904 pravom,
1218 834 1363 914 ineptum,

206 931 363 990 absurdum
381 937 469 1003 atque
490 931 618 987 alienum
640 945 659 986 a
678 930 740 986 bito
760 947 826 988 mco
843 930 975 988 Videtur.
1021 925 1155 1006 Adelph.
1172 926 1230 1004 ΙΙΙ,
1255 933 1284 1006 2,
1309 931 1363 992 28:

206 1031 320 1086 alienus
344 1034 391 1086 est
414 1028 450 1085 ab
473 1030 576 1084 bostro
597 1025 726 1096 familia.
771 1022 848 1088 Hec.
862 1023 916 1100 IV,
940 1029 969 1100 4,
994 1028 1047 1086 92:
1071 1028 1146 1086 Nam
1170 1029 1288 1086 omnino
1312 1029 1362 1088 a'b-

205 1127 329 1184 horrere
353 1125 480 1182 animum
505 1125 572 1182 lruio
595 1124 681 1182 video
703 1140 723 1180 a
744 1124 865 1196 nuptiis.
901 1120 996 1185 Andr.
1010 1120 1046 1198 V,
1066 1127 1093 1200 l,
1112 1126 1165 1185 10:
1188 1125 1220 1183 In
1238 1126 1297 1184 alio
1313 1143 1362 1184 oc-

207 1232 315 1296 cupato
339 1237 453 1292 arnone,
488 1223 661 1279 abhorrenti
683 1221 720 1278 ab
742 1238 774 1280 rc
796 1221 913 1279 aborta.
958 1219 1056 1282 Andr.
1081 1218 1111 1295 I,
1143 1225 1174 1297 1,
1207 1224 1282 1282 129:
1317 1225 1364 1281 Ea

205 1322 333 1394 primurn
358 1319 394 1376 ab
415 1317 468 1376 illo
491 1319 754 1377 animadvertenda
782 1319 933 1389 iniuriast,
969 1315 1053 1393 qued
1082 1332 1144 1380 nou
1174 1316 1363 1396 simpliciter

206 1432 265 1494 pro
289 1413 431 1493 genitivo
456 1420 505 1476 est
527 1411 657 1491 dictum,
680 1431 739 1492 pro
762 1417 872 1474 iniuria
894 1415 984 1487 illius,
1009 1433 1095 1488 quarn
1119 1416 1170 1474 ille
1194 1414 1282 1488 fecit,
1307 1415 1364 1477 sed

205 1530 278 1591 pru:
313 1509 441 1588 iniuria,
475 1527 557 1590 quae
579 1509 619 1573 ab
642 1509 695 1574 illo
723 1509 868 1590 profecta
898 1515 956 1572 est.
1002 1507 1153 1572 Ceterum
1180 1509 1365 1574 benedicit

206 1607 408 1674 Schaellerus
430 1626 461 1686 p.
479 1613 515 1672 2:
539 1609 787 1681 animadvertere,
812 1625 907 1686 quum
928 1604 1096 1670 blidam
1117 1607 1159 1670 sit
1179 1607 1263 1686 quod
1287 1625 1364 1686 poe·

205 1725 263 1770 nas
290 1710 416 1785 petere,
453 1703 547 1766 huius
584 1702 673 1768 verbi
703 1711 896 1768 structuram
933 1711 1077 1768 secutum
1105 1723 1174 1769 esse
1206 1704 1364 1768 videtur.“

204 1803 321 1867 Heaut.
338 1801 362 1878 Ι,
388 1807 413 1878 l,
438 1805 492 1865 23:
516 1809 668 1862 tantumne
692 1804 729 1862 ob
751 1821 784 1860 re
803 1809 883 1863 tuast
905 1805 947 1862 oti
971 1804 1034 1876 tibi,
1058 1801 1098 1864 de
1122 1819 1183 1880 quc
1206 1801 1277 1865 loco
1299 1802 1362 1866 vid.

207 1899 377 1966 Schaeffer.
400 1918 430 1979 p.
455 1903 483 1961 7.
527 1896 644 1962 Heaut.
667 1897 747 1977 prol.
775 1918 804 1962 v.
830 1904 881 1964 13:
917 1903 965 1960 hic
993 1907 1077 1959 actor
1105 1908 1219 1960 tantum
1249 1903 1364 1975 poterit

206 2018 227 2057 o
249 1999 407 2070 facondia,
430 1995 469 2058 ad
494 2012 522 2074 q.
545 1995 564 2058 l.
588 1996 661 2060 vide
683 1995 808 2058 Ruhnk.
853 1995 978 2059 Phorm.
1002 1994 1045 2072 ΙΙ,
1070 2001 1097 2074 2,
1123 1999 1162 2058 26
1194 1995 1362 2072 (Wiilluer.

204 2097 245 2158 de
266 2095 393 2160 casibus
416 2111 446 2174 p.
469 2099 538 2167 40):
563 2098 694 2155 Otiosum
719 2098 756 2154 ab
779 2097 885 2154 auimo.

293 2195 339 2254 10.
373 2193 533 2252 Ablatioas
562 2211 627 2251 com
648 2194 866 2266 praepositione
894 2211 934 2253 ec
962 2196 1140 2253 cortircbctbs.
1185 2189 1221 2252 ln
1255 2209 1361 2254 errem·

206 2290 267 2368 plis
283 2290 322 2353 de
337 2288 397 2353 hac
412 2288 648 2368 praepositione
670 2286 869 2368 proferendis
890 2293 963 2351 utar
983 2287 1051 2352 iere
1077 2307 1115 2352 ea
1141 2285 1363 2351 distributione

205 2406 267 2466 qua
295 2405 371 2449 usus
402 2391 452 2450 est
474 2385 715 2464 Kampmannus
737 2385 769 2448 iu
797 2385 905 2450 libello
935 2385 1139 2464 scholastica,
1171 2385 1225 2464 qui
1250 2389 1300 2447 est
1322 2384 1361 2448 de

207 2489 262 2546 DE
286 2490 320 2546 et
341 2487 398 2544 EX
419 2501 527 2562 praep.
551 2501 613 2546 usu
634 2480 789 2546 Plautino.

291 2599 319 2642 a.
353 2581 389 2640 de
417 2582 485 2641 loco.
531 2579 612 2642 Livii
640 2579 812 2642 Andronici
841 2578 878 2642 fr.
903 2580 962 2644 inc.
987 2587 1070 2660 trag.
1097 2587 1128 2644 1:
1165 2584 1286 2641 Florem
1310 2599 1362 2640 an·

205 2682 346 2742 culabaut
369 2676 410 2747 (h.
435 2695 461 2739 e.
485 2676 687 2752 hauriebant)
711 2680 814 2738 Liberi
836 2696 872 2739 ea
894 2679 1061 2738 carchesiis,
1106 2676 1201 2741 Ennii
1223 2675 1363 2756 Lycurgi

204 2775 241 2840 ir.
266 2781 299 2840 8:
323 2796 358 2838 ec
379 2776 441 2836 suis
463 2777 555 2835 Lucis
578 2795 630 2836 nos
654 2777 763 2835 mittat.
809 2774 847 2838 ir.
874 2781 923 2854 17,
945 2794 974 2838 ν.
990 2781 1047 2837 47;
1072 2795 1188 2836 sumere
1212 2795 1247 2836 ec
1268 2775 1362 2846 fonto.

204 2873 322 2938 Fabius
345 2873 452 2936 Pictor
474 2890 525 2950 ep.
548 2868 629 2936 Geli.
646 2871 684 2948 X,
713 2875 763 2935 15:
792 2877 893 2948 Ignem
917 2892 932 2933 e
952 2875 1119 2941 Flaminio,
1143 2875 1249 2945 idest,
1274 2875 1363 2943 eflu-

203 2972 293 3033 rac'ois
320 2973 416 3038 domo,
449 2973 507 3030 nisi
539 2973 569 3029 in
599 2989 715 3030 sacrum
744 2973 844 3030 efferri
872 2972 918 3031 ius
946 2990 1004 3030 nou
1033 2979 1088 3032 est.
1134 2968 1264 3033 Catonis
1286 2985 1363 3048 apo·

204 3068 413 3148 phthegmata
429 3065 529 3139 (Lion.
547 3070 600 3134 96)
624 3083 674 3144 ap.
691 3065 770 3129 Plin.
787 3065 860 3130 hist.
876 3073 941 3128 nat.
962 3071 1008 3143 15,
1036 3071 1073 3129 18
1095 3066 1179 3144 (20);
1204 3071 1361 3142 Interrogo

205 3186 255 3226 vos
279 3203 310 3210 --
342 3167 460 3242 quando
483 3168 559 3224 lranc
581 3183 700 3238 pomum
723 3165 872 3238 demptam
898 3169 1011 3238 putetis
1039 3185 1074 3226 erc
1103 3167 1218 3227 arbore.
1264 3163 1300 3225 R.
1323 3162 1361 3226 R.

204 3284 231 3329 c.
260 3267 312 3324 rb:
336 3283 372 3324 ex
394 3264 515 3336 fornace
538 3264 650 3321 calcem
675 3264 776 3320 eximit
800 3265 955 3323 calcarius.
1001 3261 1097 3324 Ennii
1120 3260 1159 3324 fr.
1179 3265 1218 3324 10
1241 3260 1362 3324 Hecto·

203 3359 248 3422 ris
272 3358 389 3422 lustra:
416 3362 497 3432 Quae
521 3379 587 3420 mea
609 3361 769 3419 comminus
792 3361 952 3419 machaera
975 3370 1063 3435 atque
1086 3362 1173 3420 basta
1199 3361 1363 3420 hostibite

203 3475 304 3523 maroa,
328 3455 368 3518 ad
390 3474 419 3533 q.
442 3453 461 3516 i.
485 3455 636 3520 Bothius:
672 3453 780 3533 „Dixit
801 3476 816 3516 e
840 3476 928 3516 manu
951 3473 1008 3534 pro
1031 3461 1154 3531 eminus,
1181 3455 1266 3534 qued
1287 3453 1362 3518 inde

205 3552 385 3628 conflatum,
409 3560 445 3614 ut
467 3553 626 3628 cominus,
655 3553 747 3629 quasi
775 3573 840 3613 curn
872 3555 990 3614 manu.“
1035 3553 1129 3616 Ennii
1157 3551 1260 3641 annal.
1290 3552 1309 3614 l.
1334 3551 1361 3627 I,

203 3649 241 3714 ir.
259 3655 309 3728 57,
333 3667 361 3711 v.
377 3652 434 3712 89:
460 3653 552 3722 Quam
575 3669 643 3709 mox
665 3654 782 3710 emittat
798 3651 889 3724 pictis
909 3670 924 3709 e
946 3651 1085 3722 scandas
1106 3671 1220 3712 currus.
1260 3667 1288 3713 v.
1303 3655 1361 3714 94:

203 3753 244 3809 Et
267 3752 353 3810 simul
380 3767 416 3810 ca
439 3749 497 3806 olto
524 3750 611 3822 longe
635 3750 844 3822 pulcherruma
872 3767 1000 3824 praepes
1023 3751 1123 3808 Laeva
1151 3749 1260 3808 volavit
1287 3749 1360 3808 aris.

203 3845 222 3908 l.
246 3843 332 3922 rili,
356 3843 394 3908 ir.
419 3850 453 3908 3:
487 3847 613 3904 Pellitur
635 3846 767 3905 emedio
790 3847 945 3920 sapientia.
993 3841 1013 3907 l.
1036 3843 1121 3922 XVI,
1152 3841 1189 3908 fr.
1214 3847 1248 3906 6:
1286 3847 1361 3904 Tum

203 3945 307 4004 timido
335 3950 436 4002 manat
463 3961 500 4003 cx
531 3942 610 4001 omni
637 3958 755 4014 corpore
784 3946 882 4002 sudor.
928 3940 1022 4004 Ennii
1055 3939 1156 4004 anrral.
1184 3941 1243 4004 inc.
1275 3939 1361 4004 sedis

204 4037 315 4118 fragm.
343 4042 416 4102 101:
439 4045 537 4100 Ausus
561 4056 593 4098 es
616 4039 673 4098 hoc
695 4059 730 4098 ex
753 4057 802 4098 ore
825 4043 882 4098 tao.
926 4038 963 4101 fr.
990 4044 1066 4102 137:
1095 4043 1154 4101 Olli
1177 4040 1301 4100 crateris
1323 4057 1361 4100 ex

202 4139 320 4198 curatis
351 4140 522 4198 hauserunt.
567 4133 787 4198 Andromacha
817 4133 1032 4200 Aechmalotis
1066 4133 1103 4199 fr.
1132 4140 1168 4200 8:
1206 4140 1297 4212 Rapit
1323 4139 1365 4195 εκ·

202 4237 263 4292 alto
279 4236 360 4294 uaris
376 4237 527 4294 velivolas.
573 4229 738 4294 Phoenicis
761 4229 798 4292 fr.
816 4235 848 4294 7:
872 4235 953 4294 Neve
971 4244 1001 4294 tu
1019 4254 1155 4309 umquam
1171 4237 1201 4294 in
1217 4237 1364 4310 gremium
