3004 4764
312 275 329 314 1.
344 272 515 315 Pnonotmu
529 273 720 324 russonum,
734 271 916 326 ΡΟΙΙΙΙΙΠΔ,
930 273 1106 318 menenius.
1256 283 1318 342 3⁶1

161 449 292 524 elipeum
321 448 557 524 poetasse.
602 445 695 514 Troe.
717 445 774 525 IV,
799 452 831 522 3,
851 452 911 514 ⁷8:
956 449 1015 514 eoi
1044 449 1166 512 niodum
1193 449 1245 524 poi
1266 465 1319 525 op·

160 553 291 622 portune
315 563 387 610 eoae
408 547 447 608 ob
469 563 531 608 sese
552 546 705 622 egreditur
727 545 817 612 iores.
840 543 956 612 Enoch.
973 544 1016 621 ΙΙ,
1040 547 1070 621 ²3,
1093 548 1150 608 27:
1172 545 1322 608 Continuo

163 641 231 719 [iii]
255 644 405 719 mupuom
429 643 576 718 hospitem
600 650 734 708 nonnum
754 643 813 706 siet
827 645 1033 706 Moosiioohus
1054 639 1319 707 adsueseitsss'ut

159 737 188 817 Ι,
214 743 242 817 l,
268 743 343 806 102:
367 741 407 802 Ei
431 757 510 802 euno
532 741 593 802 alia
615 741 780 804 dueeodest
803 741 930 816 domum,
956 739 1020 802 Sao
1043 747 1179 818 emoto.
1202 737 1320 816 seed.

21 887 25 894 .
155 834 185 913 Ι,
205 841 235 914 3,
253 839 286 898 5;
310 839 430 900 Mittam
452 837 540 900 hodie
563 839 631 898 hoio
654 855 707 900 sao
727 839 776 900 die
799 839 893 900 nausii
914 840 1024 900 melam
1045 855 1109 900 rem
1130 855 1266 914 mogum
1289 845 1322 900 ot

158 941 315 999 maturam.
351 931 441 1014 Oapt.
465 931 524 1010 III,
547 938 578 1012 4,
600 937 657 998 48:
680 937 756 996 Nam
778 936 805 996 is
828 941 875 996 est
897 953 1000 998 servos
1022 938 1088 1011 ipse
1111 953 1206 1012 aeque
1229 951 1318 1012 pree·

159 1038 207 1092 ter
228 1049 258 1095 se
279 1049 416 1107 umquem
440 1033 469 1092 ei
491 1049 593 1094 seruos
617 1033 681 1095 fuit.
727 1029 824 1096 suen.
846 1029 889 1110 Π,
915 1036 942 1109 1,
966 1036 998 1095 2;
1034 1034 1130 1095 Oredo
1154 1051 1210 1109 ego
1229 1034 1319 1094 miae·

159 1147 222 1190 ram
246 1128 339 1192 iuisse
362 1130 551 1206 Penelopam,
576 1147 671 1204 soror,
693 1147 747 1192 suo
771 1146 807 1192 eo
828 1130 937 1190 auimo.
962 1127 1060 1194 such.
1083 1129 1154 1209 1,n‚
1171 1132 1226 1192 76:
1247 1145 1322 1192 sues

158 1244 213 1288 rex
235 1227 356 1302 regmae
379 1229 494 1301 planet,
519 1223 552 1290 h.
573 1243 602 1288 e.
627 1226 739 1306 regios
761 1242 819 1290 suo
846 1242 923 1306 rege
947 1224 1141 1306 delectatur,
1163 1244 1190 1291 v.
1214 1225 1318 1295 Rudd.

157 1321 201 1399 11,
224 1339 255 1402 p.
279 1326 330 1401 53,
358 1321 464 1386 adnm.
488 1325 538 1388 29.
580 1321 696 1388 Pseud.
720 1322 780 1404 III,
804 1327 834 1403 2,
857 1327 913 1390 94:
957 1327 1045 1402 Ipsus
1075 1327 1132 1390 ae'bt'
1154 1325 1263 1388 feoiem
1286 1332 1319 1386 nt

158 1422 269 1496 digitos
298 1422 462 1497 preerodot
489 1437 566 1484 suos.
610 1419 707 1486 Poen.
734 1419 772 1500 V,
802 1425 832 1500 2,
861 1427 916 1488 99:
958 1425 984 1484 is
1014 1440 1060 1484 mo
1086 1423 1144 1484 siet
1164 1423 1321 1498 adoptauit

144 1519 262 1582 dilium.
307 1515 345 1596 V,
373 1521 404 1597 4,
428 1522 484 1582 34:
531 1522 623 1594 Quom
647 1520 705 1582 sibi
726 1521 813 1580 nimis
835 1523 958 1596 piaoent
987 1518 1095 1597 (Roet.
1117 1536 1150 1598 p.
1174 1522 1234 1584 311
1258 1535 1318 1597 pro

158 1617 247 1678 eunte
269 1613 366 1680 scribi
387 1613 457 1681 vuit
478 1617 599 1692 mutus).
625 1615 718 1682 True-
741 1615 783 1695 Π,
806 1620 836 1693 4,
860 1619 915 1682 38:
939 1620 989 1693 qui
1010 1620 1096 1694 quasi
1118 1634 1240 1679 morem
1259 1616 1320 1678 sos

158 1716 209 1774 Me
232 1714 371 1778 habebat.
409 1712 523 1793 Amph.
546 1712 626 1794 prol.
650 1732 678 1778 v.
705 1716 995 1790 12921uuoequ0m
1018 1731 1084 1776 esee
1108 1715 1233 1776 credent
1251 1731 1317 1774 ser-

157 1829 223 1872 vom
252 1817 282 1871 et
305 1829 479 1874 conservom
508 1830 603 1875 samm.
648 1810 674 1891 Ι,
700 1816 728 1890 1,
751 1815 810 1876 41:
854 1813 895 1874 Ut
920 1813 1049 1888 gesserit
1076 1829 1140 1872 rem
1165 1811 1316 1887 pupiioam

147 1910 257 1983 ductu,
280 1909 415 1982 imperio,
439 1912 572 1984 euspioio
591 1928 656 1972 suo.
697 1906 813 1974 Pseud.
841 1907 996 1987 1,2,72:
1041 1907 1174 1986 [nempe]
1196 1909 1245 1970 iili
1264 1923 1316 1968 aa·

158 2006 248 2068 deaut
271 2004 327 2082 [Is]
350 2007 381 2067 id
404 2005 516 2083 federe,
539 2009 644 2084 quibos
667 2014 702 2070 nt
723 2005 852 2084 [miseri]
875 2008 1007 2070 serviant
1027 2025 1099 2070 suus
1121 2024 1205 2068 emor
1219 2004 1319 2082 dogit?

156 2101 215 2166 Bis
236 2101 450 2180 possessivum
473 2102 612 2183 positum
636 2107 688 2168 est
707 2103 741 2168 in
763 2120 827 2168 uno
848 2101 1072 2170 enunciatione
1094 2101 1191 2170 Maro.
1208 2102 1263 2175 IV,
1288 2105 1317 2181 3,

160 2204 217 2264 14;
240 2203 328 2262 Iubet
343 2205 459 2265 salvere
474 2219 547 2264 setas
562 2203 608 2263 eir
623 2219 745 2264 uxorem
767 2217 863 2276 mom,
885 2199 970 2280 adq.
987 2199 1008 2264 Ι.
1025 2198 1181 2281 Scaliger:
1205 2199 1318 2280 „Hune

158 2295 282 2360 dicendi
311 2298 440 2362 modum
468 2301 590 2362 temere
620 2298 714 2364 nimis
747 2297 934 2366 inusitatum
966 2298 1188 2378 appellarunt,
1220 2310 1318 2377 quum

157 2393 254 2458 etiam
275 2393 411 2458 Plautus
437 2395 492 2474 qui
514 2393 675 2460 Romanae
702 2393 831 2476 linguae
857 2395 909 2460 lex
933 2394 1091 2474 quaedam
1117 2393 1193 2474 fuit,
1221 2395 1317 2463 auom

157 2488 339 2569 Terentius,
363 2490 417 2569 qui
442 2492 561 2556 veteris
584 2493 721 2572 nouique
743 2491 829 2560 Latii
843 2491 919 2558 lium
935 2491 1089 2570 quendem
1111 2489 1240 2558 habitus
1255 2496 1315 2572 est,

155 2586 202 2650 ite
232 2591 265 2650 et
287 2588 473 2668 scripserint
498 2593 532 2654 et
561 2589 682 2670 scripte
707 2591 807 2654 totius
837 2590 927 2656 urbis
953 2589 1072 2656 iudicio
1099 2589 1316 2670 approbarint.

156 2682 221 2750 Cio.
245 2699 303 2765 pro
328 2683 431 2750 Sulla:
455 2685 552 2766 Sulis,
577 2687 605 2751 si
626 2686 687 2752 sibi
709 2704 787 2754 suus
811 2686 916 2769 pudor
944 2697 979 2752 et
1000 2687 1139 2768 dignitas
1161 2704 1225 2752 non
1245 2698 1318 2765 pro·

157 2782 276 2858 desset,
298 2780 420 2849 nullum
442 2783 594 2850 auxilium
615 2783 813 2864 requisivit.“
837 2785 966 2852 Terent.
989 2782 1125 2864 Adelph.
1148 2782 1187 2863 V,
1210 2787 1242 2862 4,
1257 2788 1316 2848 21:

156 2883 206 2943 hio
228 2881 303 2944 ieeit
323 2899 392 2944 saeos
411 2884 503 2946 Paulo
531 2890 665 2961 sumptu,
692 2882 712 2946 i.
737 2901 764 2948 e.
788 2882 847 2947 sibi
869 2881 1023 2950 faventes.
1067 2881 1196 2947 Phorm.
1219 2879 1262 2960 ΙΙ,
1285 2885 1316 2964 4,

158 2981 213 3042 14:
236 2997 304 3044 suos
326 2982 451 3055 quodue
472 2999 545 3044 mos.
573 2977 710 3060 Adelph.
732 2979 791 3050 III.
815 2985 844 3059 2,
868 2985 923 3046 35:
953 2983 1010 3055 Qui
1032 2999 1063 3044 se
1083 2983 1115 3044 in
1135 2981 1184 3046 eet
1202 2983 1317 3058 gremio

153 3079 324 3152 positorum
347 3097 474 3155 puerum
495 3080 614 3146 dioebet
635 3080 752 3156 patris?
786 3078 885 3144 Andr.
906 3076 950 3156 Π,
974 3084 1003 3156 5,
1029 3084 1083 3143 lo:
1110 3081 1220 3142 Verum
1242 3079 1317 3140 iilud

156 3176 323 3250 verbumst,
361 3180 448 3254 vomo
476 3178 555 3253 quod
577 3179 637 3238 diei
660 3181 752 3251 solet,
787 3179 890 3240 Omnis
917 3178 976 3238 eidi
1001 3180 1090 3240 melle
1118 3179 1226 3240 metim
1249 3193 1316 3240 esse

157 3291 247 3348 quem
269 3276 367 3337 uitari.
411 3273 493 3338 Eun.
517 3272 574 3353 IV,
599 3278 627 3353 l,
653 3279 705 3340 13:
749 3277 871 3336 Interea
893 3293 997 3338 aurum
1023 3275 1082 3334 siti
1110 3277 1188 3338 olam
1206 3275 1317 3337 mulier

157 3371 258 3434 demit.
302 3369 538 3449 Nonnunquam
559 3387 725 3454 persone,
741 3370 782 3436 ad
804 3386 900 3452 quem
923 3373 1050 3450 spootet
1070 3387 1245 3450 pronomen
1264 3385 1316 3434 ro·

154 3463 301 3534 flexirum
317 3467 542 3548 possessivum,
565 3468 682 3535 omaso
704 3467 799 3534 estio
821 3466 1051 3546 emundatione,
1074 3467 1132 3534 sed
1146 3468 1193 3534 ita
1209 3473 1317 3534 tamen

157 3568 194 3628 ut
216 3561 309 3631 iaoiie
335 3568 442 3632 mente
465 3564 541 3636 addi
562 3564 673 3644 possit.
718 3563 770 3629 Sic
792 3563 897 3630 Plani.
920 3563 1006 3630 Men.
1027 3563 1109 3645 prol.
1132 3582 1161 3628 v.
1187 3569 1242 3630 19:
1276 3566 1316 3629 nt

150 3669 229 3728 suut
251 3666 314 3727 neti
336 3664 391 3727 iiiii
412 3665 524 3742 gemini
547 3665 614 3739 duo,
637 3662 804 3732 Iteiorme
827 3666 918 3732 simili
939 3666 1042 3740 pueri,
1070 3666 1114 3728 uti
1141 3670 1238 3727 mater
1259 3679 1317 3727 sese

156 3759 224 3820 Non
257 3762 427 3826 memnones
459 3769 571 3837 posset.
617 3759 745 3827 Terent.
775 3759 851 3828 Hee.
874 3759 931 3840 IV,
952 3765 983 3839 4,
1007 3763 1062 3824 38:
1105 3763 1206 3825 Meter
1236 3760 1316 3836 quod

157 3859 253 3919 suasit
274 3875 340 3937 seeo,
362 3859 550 3925 Adulesoons
572 3863 679 3929 mulier
701 3861 788 3939 iecit,
811 3858 866 3924 ubi
887 3857 929 3922 ad
950 3860 1048 3924 seond
1066 3860 1176 3924 mente
1194 3855 1316 3924 auden

158 3949 236 4020 dum
255 3957 308 4018 ast
329 3957 364 4019 et
410 3954 626 4024 urmsoemua
651 3955 693 4022 ed
715 3955 955 4024 enuntiationes
977 3954 1178 4036 compositas.
1220 3951 1317 4020 Ennii

155 4045 420 4120 Euhemerus-ir.
438 4057 467 4134 3,
492 4058 546 4120 ltu
566 4056 602 4118 ld
624 4057 689 4119 eius
703 4056 758 4118 rei
777 4071 870 4118 oense
891 4053 974 4130 iecit,
997 4057 1040 4118 uti
1062 4055 1100 4119 ed
1120 4070 1191 4118 asos
1210 4059 1315 4130 meten

155 4163 281 4222 resson
303 4152 425 4216 redum.
459 4149 565 4223 Pieut.
588 4150 682 4218 Trou
704 4149 749 4227 ui,
770 4155 802 4230 4,
822 4153 879 4222 46:
902 4152 943 4227 Si,
967 4152 1048 4228 quod
1066 4154 1261 4230 peperissem,
1282 4151 1317 4214 ii

156 4244 554 4325 dmuemaeuonerea:
596 4250 681 4316 &ne
706 4266 762 4313 mee
788 4250 957 4318 leffium
979 4265 1026 4316 mo
1045 4251 1154 4316 anuis
1195 4243 1315 4314 Βασὰ
