3004 4764
229 239 293 296 394
683 229 809 270 Psoron.
826 229 888 272 ΟΔΡ.
902 230 939 270 Vl.

232 421 320 464 surse
350 405 457 466 sends
482 407 578 482 spatio
609 424 674 468 enm
700 407 774 470 meis
798 406 910 468 Gerere
934 406 1052 468 bellum·
1096 401 1182 470 min.
1204 403 1235 482 Ι,
1265 408 1300 486 2,
1330 408 1396 470 29:

228 501 302 576 auid
332 501 436 564 venis?
480 501 608 567 Terent.
631 501 765 584 Adelph.
788 501 847 582 111,
871 509 900 578 3,
925 505 981 566 50:
1024 505 1103 581 Quid
1123 501 1240 568 sutem?
1261 529 1305 556 =
1328 522 1396 568 cur

227 613 304 662 vero
327 600 398 664 erat
418 597 542 664 iratus?

315 713 344 776 g.
378 698 458 775 Quid
479 699 618 760 adieetiui
644 699 704 760 loeo
719 701 852 776 positum
879 697 964 778 apud
990 695 1090 762 solum
1119 696 1268 764 Plautum
1288 717 1389 780 repe-

228 791 332 874 ritur,
362 791 507 876 inprimis
529 794 562 860 in
584 791 720 862 formula
741 797 813 870 quid
834 815 939 856 nomen
960 801 1009 858 est.
1054 795 1168 860 Pseud.
1188 794 1244 876 IV,
1273 800 1301 875 2,
1326 801 1388 862 21:

227 895 309 972 Quid
330 897 373 956 est
393 896 422 954 ei
443 895 555 956 homini
576 896 705 956 nomen?
749 893 831 958 Rud.
854 892 908 974 IV,
931 899 960 974 4,
986 896 1059 958 116:
1093 897 1166 972 Dic,
1194 898 1226 956 in
1247 899 1387 960 ensiculo

227 991 301 1066 quid
320 1009 426 1052 nomen
447 993 486 1052 sit
507 999 673 1068 paternum.
718 1009 747 1054 v.
774 995 848 1056 119:
881 994 1032 1069 Loquere,
1066 997 1170 1056 metris
1196 1011 1300 1054 norme
1332 997 1387 1055 hio

228 1091 301 1166 quid
320 1093 351 1153 in
375 1093 541 1151 securicula
562 1091 625 1152 siet.
670 1086 761 1168 Oapt.
785 1086 823 1168 V,
847 1092 877 1165 3,
901 1092 936 1152 6:
958 1092 1038 1167 Quid
1056 1097 1122 1152 erui
1139 1095 1167 1154 ei
1181 1093 1317 1161 uomenP,
1340 1089 1387 1154 ad

229 1203 258 1266 q.
281 1185 302 1250 l.
325 1185 397 1250 vide
419 1186 562 1252 Lindem.
605 1186 693 1252 Pers.
716 1185 772 1264 IV,
795 1192 825 1265 4,
849 1183 905 1251 71³:
928 1191 1002 1262 quid
1022 1207 1128 1250 nomed
1149 1191 1250 1250 tibist?
1293 1188 1383 1254 Trin.

226 1283 283 1364 IV,
307 1288 337 1363 2,
361 1288 418 1349 61;
439 1288 519 1364 Quid
541 1292 582 1348 esi
604 1289 633 1347 ei
654 1288 778 1348 domem?
800 1283 883 1350 Men.
899 1283 959 1361 ΙΙΙ,
984 1289 1012 1365 2,
1037 1291 1093 1374 33ιε
1117 1289 1285 1364 Responde,
1308 1289 1383 1348 sdu-

227 1386 355 1459 lemene,
379 1403 498 1466 quaeso,
520 1385 595 1458 quid
615 1403 719 1446 nomeu
740 1386 843 1447 tibist?
886 1381 925 1462 V,
949 1390 978 1463 9,
1003 1389 1057 1449 71:
1080 1387 1159 1462 Quid
1183 1391 1250 1446 erat
1274 1404 1383 1445 nomen

227 1488 348 1544 nostroe
371 1483 484 1544 matri?
527 1481 640 1563 Amph.
656 1481 682 1564 I,
708 1487 736 1562 l,
759 1485 835 1546 208:
858 1483 930 1556 quid
950 1501 1054 1546 nomeu
1076 1485 1177 1546 tibist?
1221 1481 1298 1548 Oist.
1322 1481 1381 1562 IV,

227 1582 257 1657 2,
283 1582 358 1643 106:
393 1583 466 1658 perid
486 1586 529 1644 esi
546 1600 650 1642 nomer:
679 1589 748 1644 tuse
770 1577 937 1644 Dominae?
967 1582 1052 1658 (quid
1078 1582 1148 1662 Ap).
1192 1579 1307 1646 Pseud.
1334 1580 1380 1660 Π,

227 1681 256 1753 2,
277 1680 333 1741 41;
359 1681 433 1754 qnid
452 1681 567 1743 esttibi
589 1681 714 1743 nomeu?
755 1675 799 1757 ΙΙ,
816 1683 845 1757 2,
862 1682 920 1742 58:
946 1681 998 1740 Set
1019 1682 1091 1753 qnid
1108 1686 1151 1742 est
1172 1681 1227 1740 tibi
1248 1681 1377 1740 nomeu?

225 1773 268 1853 ΙΙ,
291 1780 321 1854 4,
345 1780 401 1840 54:
439 1780 493 1840 Set
521 1779 594 1854 quid
613 1796 717 1839 nomen
746 1795 806 1840 esse
833 1779 929 1838 dicam
959 1795 1013 1854 ego
1040 1781 1092 1838 isti
1120 1778 1225 1840 servo?
1268 1777 1312 1840 Et
1334 1776 1380 1842 sic

226 1871 345 1936 dictum
379 1878 429 1938 est
460 1875 556 1939 etiam
583 1874 676 1940 Truc.
704 1875 747 1954 Il,
778 1880 808 1956 4,
842 1879 898 1938 31:
932 1877 1012 1953 Quid
1043 1895 1097 1954 ego
1125 1877 1244 1950 surinus
1279 1879 1379 1938 audivi

225 1970 344 2052 (Adpg
366 1973 460 2050 quid).

310 2068 340 2132 h.
384 2072 470 2149 Quod
497 2086 623 2149 semper
651 2069 843 2135 adieetivum
870 2076 927 2134 est.
972 2069 1023 2136 Sic
1051 2067 1130 2134 Ceto
1158 2069 1197 2134 R.
1223 2068 1262 2134 R.
1291 2087 1319 2134 e.
1347 2075 1376 2134 1:

225 2167 387 2230 Praedium
416 2169 495 2243 quod
520 2169 647 2244 primum
675 2169 733 2230 siet
760 2170 786 2229 si
813 2187 860 2228 me
887 2169 1023 2245 rogabis,
1058 2170 1101 2230 sie
1125 2169 1229 2230 dicam
1273 2166 1373 2232 Plani.

223 2263 312 2330 Pers.
328 2263 385 2346 IV,
408 2268 438 2345 6,
463 2269 518 2330 18:
541 2267 630 2344 Qrcod
644 2267 760 2328 esttibi
774 2267 899 2328 momen?
943 2263 1024 2328 Rud.
1040 2263 1083 2344 ΙΙ,
1100 2271 1128 2343 3,
1150 2269 1203 2330 23;
1225 2268 1278 2328 Set
1300 2269 1376 2327 istus

218 2363 364 2440 mium
391 2366 531 2442 perlubet
556 2366 634 2440 praed
659 2363 750 2425 fuerit
777 2366 860 2428 vobis
891 2367 977 2426 seire.
1022 2361 1059 2443 V,
1091 2369 1119 2443 3,
1147 2369 1205 2428 2οε
1238 2366 1316 2439 quod
1344 2374 1375 2426 tu

222 2465 313 2524 istum
342 2465 485 2524 talentum
512 2463 635 2538 poscis?
678 2460 750 2526 Aul.
771 2459 809 2540 V,
836 2467 889 2526 14:
913 2464 990 2536 quod
1011 2481 1065 2540 ego
1087 2463 1207 2536 facinus
1229 2464 1316 2524 sudio
1339 2482 1375 2523 ex

224 2561 275 2620 te?
318 2558 447 2624 Terent.
469 2559 584 2623 Heaut.
607 2558 646 2639 V,
670 2565 699 2639 2,
724 2565 757 2624 3:
790 2562 962 2638 Quodnam
986 2563 1022 2622 ob
1046 2561 1185 2634 sasinus?
1229 2559 1327 2624 Andr.
1351 2560 1375 2640 I,

225 2662 254 2736 5,
277 2660 312 2722 5:
346 2659 424 2734 quod
451 2661 572 2722 verbum
601 2659 710 2720 audio?
752 2657 832 2722 Eun.
855 2656 898 2736 11,
922 2662 951 2737 3,
975 2660 1030 2722 63:
1063 2661 1140 2732 quod
1168 2659 1278 2720 donum
1307 2660 1376 2720 huic

225 2757 302 2818 dono
325 2763 431 2818 rontm
454 2763 617 2833 comperet,
640 2753 696 2820 ubi
717 2757 794 2832 quod
814 2754 921 2836 potius
942 2772 1001 2836 pro
1024 2755 1254 2836 interrogativo
1276 2771 1372 2835 quam

224 2869 283 2934 pro
304 2852 439 2918 relativo
461 2852 635 2918 habuerim.
680 2851 739 2932 III,
763 2855 792 2932 2,
814 2859 850 2920 4:
873 2854 951 2928 quod
971 2854 1054 2915 dedit
1076 2854 1265 2929 Principium
1286 2855 1376 2916 edve-

225 2949 326 3013 niens!
370 2950 449 3016 Hes.
471 2950 514 3031 ΙΙ,
540 2955 567 3030 l,
595 2955 627 3016 1:
663 2952 741 3026 quod
762 2954 931 3028 hopperus
952 2958 1013 3026 est,
1042 2971 1116 3027 quse
1139 2954 1214 3014 haee
1236 2960 1283 3014 est
1306 2971 1374 3014 oon-

224 3051 351 3110 iuratiol
394 3047 522 3114 Phorm.
545 3048 583 3128 V,
607 3053 636 3127 9,
658 3053 713 3115 59:
736 3059 769 3116 tu
790 3057 871 3113 tuom
895 3050 942 3110 die
963 3067 1068 3112 mmor:
1089 3051 1167 3124 quod
1188 3053 1235 3112 sit.
1254 3121 1256 3126 .

310 3149 362 3212 28.
407 3146 584 3227 Separatim
617 3150 668 3210 est
700 3145 995 3216 commemorandus
1030 3145 1188 3214 ablativus
1220 3149 1286 3223 qui,
1320 3147 1374 3226 qui

225 3261 283 3326 per
317 3261 351 3310 se
385 3244 508 3324 positus
537 3241 799 3326 significationem
826 3243 924 3308 hebet
948 3263 1008 3320 qua
1042 3247 1171 3325 rudore,
1204 3263 1261 3320 qud
1282 3246 1374 3324 modo,

225 3341 283 3408 sed
310 3341 511 3424 coniungitur
540 3342 637 3407 etiem
669 3360 740 3407 cum
768 3341 1006 3423 praepositione
1035 3361 1110 3406 rum.
1153 3341 1257 3408 Pleut.
1280 3341 1374 3410 Poen.

226 3439 264 3519 V,
285 3445 316 3522 4,
341 3445 395 3506 38:
428 3442 462 3503 Id
485 3459 539 3518 ego
562 3442 621 3503 nisi
643 3443 713 3517 qnid
735 3443 766 3502 di
788 3449 840 3503 snt
862 3449 1003 3517 parentes
1030 3440 1139 3517 faxint,
1178 3442 1231 3516 qui
1258 3460 1374 3521 sperem

226 3541 305 3602 haud
327 3543 399 3603 scio.
444 3536 496 3604 Sic
519 3537 631 3603 scribit
651 3537 678 3604 Ι.
694 3537 767 3604 Gul.
789 3555 847 3618 pro
869 3537 954 3620 vulg.
975 3541 1046 3616 quid
1065 3538 1187 3604 dicens:
1211 3536 1302 3619 „Qua
1323 3555 1373 3602 re·

226 3635 327 3715 lione,
360 3636 478 3717 inquit,
512 3653 642 3716 sperare
664 3636 797 3718 possim,
830 3635 946 3702 neseio.
969 3637 1031 3702 nisi
1053 3641 1160 3704 tamen
1180 3636 1214 3700 in
1236 3636 1296 3702 diis
1319 3639 1373 3700 snt

225 3733 413 3814 parentibus
441 3733 510 3814 opis
534 3733 654 3816 aliquid
678 3733 769 3801 nobis
796 3733 874 3800 est.“
919 3732 1011 3800 True.
1034 3735 1089 3816 IV,
1113 3741 1143 3812 2,
1169 3739 1223 3800 19:
1255 3737 1373 3812 quidun

226 3850 313 3910 quum
335 3836 421 3896 miles
443 3833 555 3913 magis?
597 3831 711 3901 Pseud.
735 3831 761 3915 I,
784 3837 813 3912 2,
841 3836 898 3900 22;
930 3833 990 3910 dut
1018 3835 1118 3900 nune?
1161 3831 1259 3896 Poen.
1283 3831 1321 3910 V,
1344 3835 1373 3911 2,

229 3933 280 3994 19:
303 3931 362 4008 dui
384 3933 466 3998 scis?
508 3949 537 3996 v.
561 3935 618 3996 26:
640 3950 708 3994 nsm
729 3934 782 4010 qui
804 3935 881 4014 seire
904 3935 1001 4012 potui,
1026 3933 1074 4008 dir
1095 3933 1177 3996 mihi.
1222 3929 1314 3996 True.
1337 3927 1374 4008 V,

224 4031 281 4099 38:
316 4032 388 4108 Qui,
422 4035 545 4106 melum,
579 4031 661 4092 bellu
687 4037 739 4095 sut
766 4029 907 4112 fseets's,
941 4047 1017 4110 qpse
1040 4048 1120 4106 emes
1142 4031 1290 4097 bominem
1312 4030 1375 4090 isti·

211 4128 328 4196 ,modii
371 4126 466 4196 Most
488 4126 544 4207 IV,
568 4132 598 4206 2,
623 4133 655 4193 7:
688 4128 748 4206 Qui
774 4131 924 4208 parssitns
955 4145 1010 4204 ego
1032 4126 1115 4192 sum?
1158 4123 1247 4190 Pers.
1269 4123 1324 4202 IV,
1346 4129 1375 4202 4,

226 4229 285 4295 41:
319 4227 438 4301 Indica,
459 4229 587 4291 minumo
611 4227 734 4291 daturus
757 4227 810 4304 pei
832 4228 888 4306 sis,
921 4227 972 4302 qui
993 4225 1062 4308 duei
1084 4231 1183 4308 quest.
1226 4219 1376 4306 1111111,
