3058 4766
193 269 251 324 102
621 259 775 300 SUBSTANT.
791 259 853 300 GAP.
867 259 907 298 ΙΙΙ.

189 430 233 510 ΙΙ,
250 435 280 511 2,
296 435 353 495 23:
375 450 431 508 pro
447 437 579 494 monstro
594 435 776 508 retemperet,
801 438 917 510 qnando
933 436 982 510 qni
998 434 1084 494 sudat
1103 432 1212 492 tremit.
1251 427 1340 509 Gapt.

189 527 248 606 III,
275 533 300 607 l,
324 532 374 593 24.
412 525 488 592 cist.
511 526 537 606 1,
563 533 590 608 1,
614 533 671 593 98:
696 529 1340 608 414444441444414Μ411441111444144,

190 646 276 704 quem
300 645 390 702 ames,
413 629 561 705 consulas,
588 648 674 705 quam
697 649 729 692 re
752 639 831 692 tuae.
868 627 982 694 Bacch.
998 626 1041 705 11,
1065 630 1093 704 3,
1118 629 1172 689 70:
1197 627 1341 699 Quoniam

194 727 335 801 extemplo
355 743 373 786 a
394 732 483 800 portu
505 728 549 785 ire
572 745 625 788 nos
648 747 807 790 cumauro
830 729 938 790 vident.
960 723 1074 790 Bacch.
1086 741 1116 787 v,
1130 725 1200 786 263.
1224 719 1341 786 Pseud.

189 821 245 901 IV,
269 829 298 902 7,
324 826 392 887 104.
419 820 501 886 Μ44.
518 821 561 903 ΙΙ,
584 827 613 902 2,
636 827 686 888 67.
710 824 793 889 Μ44.
810 843 838 890 v.
854 829 927 889 482.
951 821 1045 886 Most.
1061 820 1099 900 V,
1128 828 1152 899 l,
1176 825 1224 884 22.
1252 819 1341 884 Pers.

189 919 215 999 I,
240 927 267 998 3,
290 925 341 984 41.
370 938 398 983 v.
422 923 472 984 84.
501 919 558 999 III,
583 928 612 1001 3,
636 927 686 987 30.
712 921 809 988 Mero.
832 923 857 1003 Ι,
885 929 910 1002 l,
934 924 984 985 67.
1013 919 1109 983 Mero.
1132 917 1212 999 prol.
1234 936 1263 981 v.
1287 921 1342 981 61:

192 1020 263 1080 Sese
286 1020 426 1094 extemplo
449 1038 486 1080 ex
507 1022 630 1095 ephebis
651 1031 806 1097 postquam
829 1023 993 1083 excesserit
1015 1023 1089 1082 cett.
1105 1015 1218 1081 Bacch.
1234 1014 1288 1093 IV,
1312 1020 1341 1093 9,

194 1120 248 1180 54:
284 1117 424 1191 coempto
447 1120 497 1178 nbi
520 1121 659 1194 oppidum
682 1135 898 1196 expugnavere.
942 1115 1091 1198 Inprimis
1120 1111 1270 1194 frequens
1293 1119 1344 1176 est

194 1212 372 1277 coniunctio
384 1232 471 1289 quom
482 1218 631 1291 extemplo,
647 1216 730 1296 quod
743 1216 938 1281 Graecorum
951 1214 1124 1294 respondet
1135 1204 1341 1290 ὲπεὶτάχιστα.

196 1307 248 1375 Sic
265 1309 351 1374 Asin.
368 1309 410 1388 II,
432 1318 461 1390 4,
485 1317 540 1376 36:
563 1317 654 1376 Aibat
668 1316 804 1390 reddere,
827 1333 914 1389 quom
929 1315 1069 1388 eatemplo
1084 1312 1230 1372 redditum
1251 1317 1342 1383 esset,

192 1408 222 1473 h.
249 1426 274 1472 e.
303 1413 340 1472 ut
368 1409 513 1489 primum.
559 1409 624 1474 Mil.
648 1410 702 1490 IV,
726 1420 755 1490 4,
779 1416 836 1476 40:
869 1415 962 1490 Quom
991 1413 1130 1486 extempl>
1157 1410 1215 1470 erit
1240 1409 1341 1474 hoc²')

190 1507 311 1569 iactum.
357 1507 451 1573 Most.
475 1507 522 1588 ΙΙ,
549 1515 580 1584 l,
607 1513 660 1573 18:
694 1513 793 1573 Aedes
813 1519 911 1585 'quom
939 1512 1080 1584 extemplo
1112 1518 1181 1571 snut
1207 1516 1341 1596 paratae.

191 1603 286 1670 Most.
302 1625 331 1670 v.
350 1609 446 1671 1064:
471 1625 558 1682 quom
579 1611 720 1682 camapio
742 1627 852 1670 vocem.
896 1607 1051 1686 Meron,
1075 1611 1103 1684 2,
1127 1611 1176 1671 24.
1200 1607 1284 1670 Trin.
1299 1605 1343 1685 ΙΙ,

194 1708 220 1780 Ι,
242 1707 291 1767 16:
314 1707 563 1779 emmerammo
586 1710 649 1768 eius
673 1710 761 1768 saviis
783 1710 938 1783 perculsus
963 1712 1015 1767 est.
1060 1704 1145 1769 Trin.
1161 1704 1220 1783 ΙΙΙ,
1242 1708 1270 1780 2,
1288 1709 1342 1769 99:

191 1819 278 1876 quom
292 1805 433 1877 escape
449 1821 550 1865 areum
566 1812 597 1865 et
611 1806 782 1879 pharetram
802 1807 842 1864 mi
858 1811 889 1864 et
908 1807 1032 1880 sagittas
1054 1823 1217 1881 sumpsero.
1252 1801 1343 1881 Capt.

190 1897 246 1975 IV,
269 1903 299 1979 2,
321 1902 356 1964 6:
390 1903 485 1979 Quom
513 1905 653 1976 extemplo
676 1904 713 1962 ad
735 1902 831 1963 iorum
854 1904 1015 1977 advenero,
1050 1921 1151 1964 omnes
1173 1905 1342 1978 loquentur.

193 1993 282 2076 Capi.
299 1996 341 2077 ΙΙ,
361 2004 389 2077 3,
403 2003 457 2062 74:
474 2017 560 2073 quom
571 2001 710 2074 extenplo
726 2019 790 2061 meo
807 2020 822 2061 e
840 2008 1002 2075 conspectu
1015 2003 1205 2077 apscesseris.
1228 1996 1344 2063 Pseud.

190 2090 251 2172 ΙΙΙ,
275 2098 303 2172 2,
332 2100 384 2159 15:
406 2113 493 2170 quom
514 2100 654 2171 cntempla
676 2101 796 2158 veniunt
818 2100 996 2159 conductum
1018 2115 1152 2174 coquom.
1189 2095 1270 2159 Rud.
1286 2093 1342 2173 IV,

191 2195 221 2270 3,
243 2197 299 2256 4οε
338 2196 455 2270 Quippe
486 2213 573 2268 quom
601 2199 740 2270 eatmrzplo
767 2198 797 2255 in
824 2199 979 2256 macellum
1002 2197 1100 2271 pisces
1123 2196 1233 2270 prolati
1256 2197 1343 2255 sient.

193 2287 307 2355 Caecil.
331 2289 409 2356 Stat.
432 2291 574 2355 Plocium
597 2291 634 2355 ir.
659 2296 687 2371 2,
710 2308 739 2355 ν.
766 2295 834 2356 160.

279 2393 327 2452 24.
366 2390 395 2454 b.
430 2390 591 2452 Aeloaoas
617 2392 714 2452 medii.
760 2389 831 2453 Huc
859 2389 1001 2470 pertinet
1028 2390 1116 2454 locus
1144 2406 1194 2468 ap.
1218 2387 1344 2451 Terent.

194 2484 292 2549 Andr.
316 2486 342 2567 l,
368 2493 394 2566 l,
419 2492 473 2550 77:
503 2491 610 2549 Ferme
632 2491 663 2548 in
686 2490 791 2549 diebus
814 2491 926 2564 paucis,
950 2491 1055 2564 aarum
1078 2491 1151 2548 haec
1175 2495 1243 2548 acta
1265 2496 1345 2562 sunt,

192 2586 314 2660 Chrysis
338 2587 434 2646 vicina
462 2590 535 2648 haec
559 2589 699 2662 moritur,
734 2585 763 2649 h.
792 2603 817 2651 e.
849 2585 881 2648 in
910 2585 1021 2650 diebus
1051 2584 1160 2664 paucis
1187 2588 1261 2664 post
1288 2600 1344 2647 eos

195 2681 273 2760 dies,
290 2682 404 2762 quibus
419 2682 497 2748 haec
511 2688 585 2748 acta
600 2692 682 2761 sunt,
699 2689 735 2748 ut
749 2684 896 2749 Ruddim.
913 2682 1049 2762 explicat
1063 2700 1092 2761 p.
1107 2686 1177 2759 290,
1194 2681 1299 2744 adnot.
1312 2685 1343 2744 8.

277 2784 326 2844 25.
361 2798 387 2845 c.
409 2782 569 2845 dumanas
589 2787 708 2845 hodiem
723 2781 895 2863 (temporis).
932 2782 1064 2845 Praeter
1084 2779 1265 2856 ablativum,
1289 2777 1343 2856 qui

192 2875 312 2941 indicat
334 2877 400 2943 sive
423 2885 547 2944 certum
570 2881 728 2960 quoddam
753 2882 820 2945 eius
843 2882 1050 2957 momentum,
1084 2878 1115 2940 in
1145 2875 1229 2955 quod
1257 2875 1341 2939 actio

193 2975 347 3053 quaedam
371 2977 422 3040 vel
444 2995 495 3042 res
510 2977 628 3058 incidit,
653 2979 815 3058 pertinent
835 2977 897 3042 huc
912 2975 1062 3040 nonnulla
1078 2972 1238 3052 adverbia,
1262 2989 1344 3054 quae

193 3077 268 3136 sunt
287 3074 417 3139 ablativi
439 3081 472 3140 et
493 3077 665 3141 etiamnum
688 3083 857 3140 servarunt
877 3075 1009 3139 formam
1034 3072 1173 3151 ablativi,
1197 3077 1344 3140 4144444,

193 3176 277 3235 nodie
299 3175 343 3250 (et
366 3173 507 3252 similia),
523 3179 656 3251 4444444,
679 3177 744 3236 leri
766 3173 821 3249 (e),
841 3191 936 3242 mooe,
957 3170 1070 3236 deinde
1092 3169 1155 3235 alia
1176 3168 1258 3233 alius
1279 3165 1345 3231 for·

192 3285 273 3348 mae,
296 3277 332 3334 ut
354 3274 486 3346 quando,
510 3279 583 3342 mm,
606 3279 688 3342 tuac,
714 3292 792 3334 4444
814 3274 846 3334 et
868 3270 1019 3349 derivato,
1040 3283 1136 3349 porro
1158 3267 1180 3331 ii
1202 3263 1344 3343 ablativi,

195 3367 250 3446 qni
271 3369 397 3448 proprie
419 3386 482 3433 non
504 3375 645 3451 tempus,
672 3369 833 3449 esdram,
859 3385 940 3449 quae
967 3368 998 3432 in
1018 3366 1103 3430 idem
1125 3371 1251 3446 tempus
1273 3379 1345 3426 cum

194 3464 313 3530 aliare
336 3465 533 3531 relectione
556 3467 674 3545 incidit,
699 3464 865 3548 significat,
889 3471 926 3530 ut
941 3469 1068 3528 adventu
1083 3468 1187 3541 patris,
1208 3477 1271 3542 quo
1293 3477 1345 3524 re·

192 3560 315 3626 ferendi
338 3571 413 3628 sunt
435 3565 531 3628 etiam
554 3564 699 3646 ablativi,
733 3567 787 3645 qui
809 3565 905 3645 vulgo
928 3563 1075 3628 dicuntur
1102 3563 1236 3624 absoluti.
1282 3560 1345 3622 De-

192 3659 288 3739 nique
317 3661 413 3726 etiam
438 3663 633 3744 praepositio
664 3667 697 3725 ia
717 3663 802 3728 haud
822 3679 896 3727 raro
924 3679 994 3726 cum
1017 3659 1164 3726 ablativis
1191 3654 1344 3736 temporis

195 3758 405 3840 coniungitur.

277 3857 395 3924 Fabius
411 3859 519 3924 Pictor
542 3877 592 3940 ap.
609 3859 727 3940 Egger.
751 3877 780 3938 p.
801 3861 874 3922 107:
898 3875 929 3917 eo
951 3858 998 3917 die
1020 3857 1173 3917 verberari
1194 3855 1345 3930 piaculum

193 3966 248 4018 est.
294 3954 372 4022 esto
395 3957 432 4023 R.
456 3958 493 4023 R.
518 3977 543 4022 c.
568 3962 600 4021 2:
632 3959 753 4018 fundum
775 3958 873 4018 eodem
894 3955 941 4014 die
963 3987 1005 3998 -
1028 3958 1203 4014 circumeat:
1238 3955 1264 4013 si
1285 3969 1346 4011 non

263 4184 297 4247 ²⁸)
329 4185 373 4239 Sia
391 4184 585 4241 Fleckeisenus
604 4187 631 4239 in
651 4186 735 4254 praei.
762 4183 803 4237 ed.
823 4183 912 4238 Plaut.
932 4184 953 4250 Ι,
978 4201 1004 4252 p.
1024 4185 1057 4234 27
1084 4189 1264 4248 transponere
1287 4175 1346 4231 vult

192 4267 275 4320 verba
292 4268 343 4320 hoc
362 4269 421 4321 erit.
