3004 4764
493 281 522 321 11.
549 280 719 324 emolimenta
732 280 984 332 nummulum
1235 293 1298 354 360

148 471 282 530 cuonem,
306 452 347 518 ad
368 472 397 534 q.
419 453 439 518 Ι.
461 455 637 522 Boxhorn.:
660 459 745 528 „Hoc
765 453 1064 530 discissio-dicitur:
1086 475 1210 539 nempe,
1232 477 1301 524 mo·

147 551 215 616 lum
238 556 295 616 aut
316 551 441 631 vulnus,
464 570 526 633 quo
542 553 698 619 unoculus
711 551 815 619 iactus
836 572 915 635 sum,
939 555 1103 636 catapulta
1123 556 1232 636 ictum,
1253 556 1302 620 in·

148 647 268 715 flictum
283 648 361 714 mihi
375 647 455 714 est.“
498 649 587 716 Pers.
610 670 638 716 v.
664 657 739 717 712:
761 655 807 714 Ne
830 654 878 714 lic
899 656 954 715 ciii
976 657 1039 718 dice
1061 657 1168 716 inluxit
1189 656 1301 718 lucrifi-

151 749 265 810 cabilis.
304 746 392 812 Pers.
415 748 441 825 I,
474 754 501 828 1,
525 752 580 812 38:
614 753 694 825 Quos
716 753 855 812 continuo
878 753 933 814 tibi
954 771 1097 829 reponam
1126 754 1181 814 icoc
1201 754 1301 814 triduo

149 853 202 906 aut
224 847 402 921 quadriduo,
436 845 467 910 h.
491 863 518 910 e.
539 847 735 928 proximo.⁷⁴)
787 847 899 914 Bacch.
925 866 955 911 v.
988 853 1086 913 1205:
1117 852 1233 927 Vesper
1255 853 1304 913 tia

150 949 206 1016 est,
229 939 384 1012 δεικτικῶς.
411 941 507 1008 Most,
529 944 572 1025 II,
591 950 618 1022 1,
640 949 694 1011 dd:
719 948 796 1020 Quid
817 950 917 1024 igitur,
933 950 1120 1010 sicbeamus
1135 950 1204 1009 hinc
1226 949 1304 1012 nos?

111 1043 114 1050 ’
152 1039 215 1104 TR.
238 1041 308 1100 Non
329 1042 383 1102 hoc
404 1043 500 1118 Ιοιιςκ,
527 1045 702 1120 Delphium,
729 1041 889 1120 δεικτικῶς,
916 1063 951 1109 rc
973 1044 1080 1126 aliqua
1100 1044 1230 1108 minima
1250 1044 1304 1110 dc·

150 1141 336 1202 monstrata.
360 1137 398 1202 cf.
422 1138 508 1206 Trio.
523 1140 566 1219 II,
586 1147 616 1221 4,
633 1144 688 1205 82:
712 1143 782 1204 Noc
803 1143 897 1206 hercle
912 1145 965 1204 icoc
987 1146 1078 1224 louqe,
1103 1146 1160 1206 nisi
1182 1162 1228 1205 me
1250 1163 1304 1221 pn·

151 1239 217 1314 gnis
239 1240 356 1316 viceris,
387 1238 429 1302 ad
451 1255 479 1318 q.
499 1238 519 1303 l.
541 1239 698 1304 Lindem:
722 1240 827 1318 „quod
849 1258 919 1304 cum
942 1245 1035 1321 gestu
1058 1241 1305 1308 demonstrantis

152 1334 382 1414 pronunciabat
412 1334 538 1416 histrio,
568 1338 614 1400 ita
644 1341 680 1400 ut
713 1337 906 1416 ostenderet,
930 1355 1024 1418 quem
1046 1337 1169 1419 longe.“
1209 1337 1305 1404 Most

150 1431 202 1509 ΙΙ,
226 1437 259 1510 2,
283 1437 337 1497 23;
365 1437 451 1496 caeca
479 1438 580 1496 ambas
602 1437 685 1514 forie,
708 1433 863 1506 δεικτικῶς.
909 1435 1021 1516 Amph.
1043 1435 1069 1515 Ι,
1095 1441 1122 1515 1,
1145 1455 1174 1501 v.
1197 1441 1231 1500 2:
1254 1440 1308 1499 hoe

154 1533 249 1592 noctis
274 1527 429 1607 δεικτικῶς,
452 1551 480 1597 v.
504 1532 636 1598 Taubm.
660 1531 698 1598 ef.
721 1531 807 1596 Trin.
830 1532 885 1612 IV,
910 1537 938 1613 3,
961 1537 1011 1597 83.
1039 1532 1130 1613 Epid.
1145 1533 1204 1615 ΙΙΙ,
1228 1538 1257 1614 2,
1273 1539 1307 1599 2:

151 1630 220 1688 Hoc
246 1630 363 1705 quidem
392 1634 448 1690 iam
472 1634 576 1707 periit,
605 1629 762 1701 δεικτικῶς.
808 1629 920 1711 Amph.
953 1631 1032 1711 prol.
1053 1647 1083 1697 v.
1114 1636 1188 1696 105:
1213 1636 1307 1708 Quem

153 1729 231 1788 liber
244 1728 352 1788 lorum
367 1747 466 1789 rerum
480 1729 536 1806 [et]
552 1734 710 1792 multorum
726 1732 799 1803 siet,
821 1727 863 1791 ed
883 1747 912 1809 q.
935 1729 955 1791 Ι
972 1729 1118 1793 Teubm.:
1142 1726 1312 1814 ,δεικτικῶς

153 1823 312 1887 adulteria
335 1830 368 1888 et
395 1830 507 1905 stupra
535 1822 722 1906 significat“
771 1826 857 1890 Trin.
885 1843 913 1889 v.
943 1831 993 1891 43.
1019 1825 1112 1906 Epid.
1136 1826 1175 1906 V,
1201 1832 1227 1906 1,
1254 1832 1307 1892 15:

53 1963 55 1968 -
154 1923 329 1985 hoccinest?
373 1921 487 1988 Pseud.
511 1923 537 2004 Ι,
561 1929 590 2005 2,
615 1929 649 1989 3:
673 1927 794 2001 Quibus,
817 1927 875 1986 nisi
897 1927 935 1986 ed
957 1927 1010 1985 hoc
1032 1929 1197 2000 exemplum
1219 1943 1308 2001 expe·

78 2082 83 2090 ,
154 2025 230 2095 rior,
259 2040 316 2082 non
343 2030 445 2097 potest
471 2041 577 2084 nesure
606 2026 773 2100 nssnrperi,
807 2023 848 2086 ad
874 2039 903 2102 q.
932 2022 952 2087 l.
981 2025 1109 2088 noune:
1134 2019 1307 2102 ,δεικτικῶς

158 2117 294 2182 Videtur
317 2119 398 2182 enim
423 2118 482 2184 hoc
505 2120 613 2186 dicens
635 2120 756 2185 seneca
778 2125 812 2184 et
825 2121 950 2200 tergino
966 2117 1060 2185 officii
1080 2137 1236 2200 quemque
1259 2119 1309 2183 sui

153 2214 464 2282 commonefecisse.“
490 2237 518 2283 v.
545 2223 597 2282 ie:
619 2222 733 2296 Nempe
748 2222 791 2280 iic
806 2222 928 2280 animati
949 2223 1031 2294 estis,
1057 2222 1176 2282 vincere
1199 2219 1309 2278 duritia

155 2317 232 2390 tergi
255 2317 308 2376 icoc
330 2325 418 2392 etque
449 2336 505 2390 me,
534 2317 575 2380 ad
598 2334 628 2396 q.
655 2316 675 2380 l.
699 2315 872 2380 Boxhorn.:
900 2315 982 2395 „Qui
1008 2315 1086 2379 haec
1108 2319 1232 2378 mutere
1253 2332 1308 2395 eg·

158 2409 262 2490 gressi
292 2417 380 2491 sunt,
413 2413 602 2493 ignoravere
634 2431 729 2493 quem
757 2413 970 2478 necessarium
995 2413 1038 2477 sit
1063 2413 1096 2476 in
1128 2411 1310 2476 comoediae

158 2505 297 2573 lectione
331 2517 442 2588 gestus
476 2510 647 2576 identidem
684 2511 744 2576 sibi
776 2517 1026 2592 repraesentare.
1072 2513 1139 2571 Hoc
1164 2505 1311 2580 δεικτικῶς

159 2603 213 2669 hic
235 2605 373 2685 ponitur,
393 2631 435 2660 ι·-
456 2605 515 2672 hoc
536 2609 696 2689 terginum
718 2609 765 2684 (id
785 2627 880 2675 manu
895 2606 1119 2684 ostenditur).“
1157 2605 1251 2670 Most
1267 2603 1310 2685 ΙΙ,

160 2707 191 2780 2,
211 2706 263 2767 79.
286 2701 344 2782 ΙΙΙ,
361 2707 389 2782 2,
416 2709 483 2769 119.
527 2705 620 2786 Epid.
642 2706 702 2787 III,
724 2713 754 2788 4,
772 2713 828 2772 di:
852 2711 924 2769 iaec
942 2714 1043 2784 ergoet
1056 2708 1183 2767 fidicina
1206 2723 1234 2768 v.
1251 2709 1309 2768 44:

159 2801 255 2880 Haec,
276 2804 434 2878 inquamst
471 2802 530 2868 ΜΙ.
554 2823 612 2867 non
635 2808 718 2882 haec,
741 2809 899 2884 inquanst.
929 2802 968 2883 V,
993 2808 1020 2884 l,
1045 2807 1101 2868 23:
1116 2805 1189 2864 loco
1203 2803 1310 2878 edepol

161 2908 312 2962 nemorale
333 2902 401 2961 med
421 2909 476 2964 est.
521 2901 588 2966 ilii.
610 2903 665 2984 IV,
689 2909 718 2984 2,
743 2910 800 2971 32:
823 2906 1036 2979 Pedetemptim
1059 2912 1091 2964 tn
1114 2905 1172 2963 scis
1187 2902 1312 2962 tractari

90 2989 92 2994 ’
161 3001 267 3060 solitae
295 3016 361 3060 csse
391 3001 481 3062 teias
506 3003 586 3062 modi
615 3006 733 3066 mercis.
784 3001 910 3067 Terent
938 2998 1073 3079 Adelph.
1099 2997 1163 3076 ΙΙΙ,
1191 3002 1227 3078 4,
1254 3001 1310 3062 33:

159 3099 210 3158 lcic
228 3098 313 3158 Geta.

247 3192 441 3274 Saepissime
463 3199 511 3258 oe
533 3195 671 3263 refertur
692 3196 732 3261 ad
754 3196 923 3268 notionem,
944 3209 1026 3274 quae
1049 3195 1310 3274 praegresseect,

159 3292 266 3356 nerins
290 3291 332 3357 ad
354 3309 422 3356 eam
445 3310 527 3373 quae
542 3295 696 3376 sequitur.
727 3293 777 3358 dd
799 3295 983 3373 sequentem
1004 3291 1166 3356 notionem
1187 3293 1313 3370 spectat

163 3388 244 3454 Ceto
266 3388 304 3453 R.
327 3390 364 3454 R.
388 3409 414 3455 c.
439 3395 473 3455 5:
503 3397 589 3454 Haec
611 3402 698 3456 erunt
721 3395 802 3455 vilici
823 3391 930 3465 officia,
953 3389 1029 3454 item
1051 3389 1154 3454 Plaut.
1197 3385 1311 3469 Amph.

161 3486 242 3567 prol.
267 3505 294 3552 v.
318 3490 373 3552 64:
400 3491 486 3552 Nunc
508 3493 563 3551 icoc
582 3511 629 3553 me
652 3509 738 3554 orare
762 3510 780 3552 a
800 3492 883 3552 vobis
905 3491 993 3550 iussit
1014 3489 1164 3564 luppiter,
1186 3489 1228 3550 Ut
1250 3489 1308 3551 cet

161 3584 285 3650 Eorum
300 3584 524 3666 exemplorum,
541 3587 594 3653 ubi
609 3588 650 3653 ad
664 3602 855 3668 praegresso
869 3588 1002 3665 spectat,
1018 3583 1312 3650 maximamemore-

163 3680 242 3746 bilia
263 3683 392 3748 suntin
414 3681 543 3750 catonis
564 3685 645 3751 libro
667 3687 706 3752 de
727 3703 763 3749 re
785 3683 914 3761 rustica,
936 3681 991 3746 ubi
1012 3681 1147 3748 manium
1162 3699 1221 3764 per
1241 3684 1314 3744 inec

163 3769 233 3844 sive
260 3783 332 3842 daec
357 3785 457 3845 masia
482 3782 706 3864 complectitur
733 3801 772 3847 ea
804 3799 885 3862 quae
918 3784 1014 3848 antec
1047 3778 1311 3846 commemoravit

166 3937 372 3952 Ἢ

236 4033 274 4104 '⁴)
292 4033 334 4090 De
352 4034 397 4090 lu'c
415 4033 573 4106 pronomine
592 4051 653 4091 cum
670 4033 801 4104 temporis
819 4031 976 4089 notionibus
989 4039 1038 4088 ant
1053 4005 1087 4086 in¹
1097 4030 1251 4088 accusativo
1264 4037 1312 4086 aut

162 4114 194 4168 ln
212 4116 329 4172 ablativo
346 4117 444 4188 positia
463 4116 606 4172 coniuncto
625 4117 699 4188 apud
716 4117 842 4170 Plautum
866 4125 895 4170 et
920 4114 1091 4184 Terentium,
1114 4115 1187 4183 quod
1205 4127 1314 4183 semper

164 4205 276 4266 spectat
296 4199 331 4253 ad
348 4208 458 4269 tempus
476 4199 605 4269 futurum,
624 4201 647 4256 ei
665 4217 682 4256 a
698 4206 822 4269 tempore
839 4198 906 4268 eius,
924 4197 971 4265 qui
987 4197 1115 4268 loquitur,
1128 4193 1316 4268 proficisceris,

164 4279 229 4335 aide
247 4281 408 4338 Muellerum
426 4281 455 4336 in
473 4282 549 4337 Iahn.
568 4298 630 4338 nov.
649 4282 737 4338 annal.
756 4282 823 4351 phil.
843 4283 921 4352 1861,
940 4288 1006 4336 sect.
1025 4284 1051 4350 4,
1070 4297 1096 4350 p.
1115 4283 1168 4337 263
1185 4297 1225 4350 aq.

220 4369 304 4420 Idoliu,
318 4371 429 4422 syntaxis.
457 4372 474 4411 l.
1064 4376 1106 4434 24
