3064 4754
211 225 273 282 188
662 214 817 254 ΕΗΒΘΤΔΝΤ.
832 215 895 255 ΟΑΡ.
911 215 950 256 111.

211 392 352 466 otautur,
387 404 470 466 queo
497 403 568 452 cum
595 387 719 453 actione
746 388 873 455 demum
895 406 997 469 eaque
1025 387 1162 454 durante
1188 391 1364 454 nascuntur

212 490 245 549 et
265 483 459 562 formantur,
481 489 678 565 quapropter
701 484 766 550 tale
789 486 962 574 obiectum,
985 491 1099 567 utpote
1119 489 1208 550 motu
1231 502 1364 565 progre-

212 585 318 648 diente
341 582 467 646 demum
491 586 608 660 ortum,
630 588 699 648 tum
719 601 847 664 quoque
866 591 973 650 manet
993 585 1162 662 obiectum,
1185 600 1258 675 cum
1273 599 1365 662 prae-

212 680 316 746 dicato
331 697 395 744 non
409 679 471 742 iam
487 679 558 758 ipsa
572 680 656 746 actio
672 689 787 759 motus,
809 682 866 746 sed
882 683 1019 762 qualitas
1035 680 1171 746 subiecti
1191 697 1230 744 ea
1251 678 1366 744 effecta

212 781 262 853 (ιιι
276 781 389 852 tropea,
411 776 504 854 lotus)
528 777 580 842 vel
600 779 734 844 verbum
755 779 788 843 id
809 781 893 860 quod
913 784 1002 844 motu
1026 778 1174 844 effectum
1196 783 1246 844 est
1269 777 1365 858 signi-

212 871 311 940 ficans
335 879 385 951 (ut
406 879 524 945 absum,
546 879 637 946 disto,
660 876 712 949 al.)
736 877 932 957 exprimitur.
975 876 1169 942 Distantiam
1192 876 1224 939 in
1247 875 1365 940 talibus

212 976 348 1053 apparet
369 973 592 1054 progressione
616 972 761 1040 effectam
784 993 872 1054 esse,
905 976 1053 1054 quoniam
1080 991 1152 1038 cum
1181 991 1219 1038 ea
1247 977 1281 1038 ιι
1309 990 1366 1052 pcr

214 1087 284 1134 eam
307 1071 466 1148 nascitur,
490 1088 590 1150 quare
613 1071 709 1136 etiarn
731 1073 912 1138 accusativo
936 1073 1136 1152 exprimitur,
1161 1089 1241 1149 cum,
1264 1071 1293 1134 si
1314 1068 1368 1133 illa

215 1167 318 1232 solum
341 1174 377 1233 ut
399 1167 578 1232 differentia
600 1169 735 1234 duorum
758 1170 898 1236 locorum
921 1175 1099 1250 spectatur,
1133 1174 1169 1233 ut
1196 1184 1295 1246 supra
1322 1167 1368 1230 vi-

215 1264 331 1344 dimus,
354 1266 512 1330 ablativus
534 1271 681 1345 ponatur.
704 1267 797 1332 Aetio
819 1268 1009 1348 productiva
1031 1273 1065 1332 et
1086 1265 1249 1346 receptiva
1271 1281 1368 1343 saepe

214 1362 248 1428 iu
269 1361 482 1429 locutionibus
505 1363 674 1429 admodum
696 1365 780 1430 inter
808 1383 842 1431 se
871 1365 1014 1446 cognatis
1036 1368 1270 1444 permutantur.
1317 1362 1368 1426 Sic

214 1459 402 1539 productiva
430 1465 480 1525 est
508 1463 591 1525 actio
622 1463 654 1525 in
687 1462 819 1528 talibus:
855 1467 916 1524 trio
940 1467 1026 1524 mido
1046 1482 1179 1539 pascam
1207 1464 1369 1530 ambolare,

213 1560 337 1633 triptota
363 1579 456 1620 amoos
484 1562 594 1630 atcere,
627 1561 789 1641 receptiva
822 1561 855 1625 iu
882 1561 944 1626 his:
979 1567 1068 1624 totum
1096 1563 1220 1622 hiemem
1248 1560 1368 1627 dormio,

214 1658 334 1716 tertiam
357 1661 481 1716 oetatem
503 1659 569 1718 otoo
593 1662 626 1721 ιι
647 1657 781 1722 maxime
803 1658 835 1722 iu
863 1656 1073 1722 locutionibus
1100 1657 1235 1737 passivis
1257 1656 1298 1721 ab
1321 1654 1369 1718 his

213 1751 371 1832 formatis,
405 1770 487 1833 quae
510 1773 530 1818 a
551 1753 655 1833 poetis
678 1760 888 1834 usurpantur,
921 1754 1011 1819 velut
1040 1759 1127 1816 tertio
1148 1756 1260 1816 olvitur
1280 1757 1369 1822 octos,

216 1849 387 1938 inquibus
414 1851 475 1914 iam
503 1849 576 1930 plus
603 1852 688 1916 inest
717 1868 813 1931 quam
842 1853 994 1933 temporis
1021 1851 1246 1933 perpetuitatis
1272 1851 1369 1928 notio,

215 1947 302 2011 notio
330 1948 544 2012 consumendi.
588 1948 695 2013 Etiam
730 1949 986 2014 coniunctionum
1022 1947 1254 2014 adverbiaHum
1291 1951 1369 2017 dnm,

216 2064 308 2120 ocum
328 2043 429 2108 torma
451 2045 651 2112 accusativus
673 2051 724 2110 est
746 2049 900 2126 temporis
923 2047 1157 2128 perpetuitatis.

302 2141 427 2206 Deinde
449 2143 534 2222 quod
556 2143 672 2234 attinet
693 2144 734 2208 ad
756 2145 911 2210 actionem
933 2148 1081 2208 transtra
1106 2146 1230 2208 ratione
1260 2162 1296 2208 se
1319 2163 1370 2209 ex-

214 2239 402 2320 plicantem,
436 2240 467 2303 in
489 2238 549 2305 hoc
572 2259 690 2322 genere
712 2243 914 2307 accusativus
943 2242 1150 2307 directionem
1179 2242 1370 2322 exprimens,

217 2337 272 2416 qui
294 2338 468 2418 respondet
488 2339 530 2404 ad
552 2338 849 2420 interrogationem:
873 2360 965 2416 usone
987 2342 1028 2402 ad
1049 2359 1134 2416 qoem
1154 2341 1302 2415 pradum?
1325 2345 1372 2404 est

217 2451 281 2500 acc.
304 2435 367 2500 loci
388 2435 604 2516 metaphorice
629 2438 763 2516 positus.
808 2437 881 2504 Huc
908 2438 1072 2518 pertinent
1098 2439 1256 2500 admodum
1279 2442 1311 2501 ct
1333 2454 1371 2505 eo,

216 2551 289 2607 qao,
316 2548 398 2611 quae
422 2550 492 2598 oum
521 2537 562 2595 od
583 2539 617 2600 et
637 2554 728 2611 osque
750 2536 919 2600 coniuncta
944 2535 1097 2600 maiorem
1119 2535 1181 2599 vim
1203 2534 1371 2614 accipiunt.

217 2629 255 2692 In
277 2629 379 2694 altero
403 2647 520 2711 genere
543 2632 674 2712 obiecti,
707 2634 793 2713 quod
818 2633 1016 2714 respondens
1043 2632 1219 2698 extensioni
1247 2633 1279 2695 in
1302 2631 1370 2696 loco

217 2729 473 2808 progressionem
489 2729 619 2810 gradus,
642 2735 743 2796 totam
759 2736 951 2808 prandentem
971 2733 1142 2792 interiorem
1158 2727 1370 2808 complectens

216 2823 374 2904 siguificat
396 2831 431 2890 ιι
453 2828 642 2906 exprimitur
664 2831 861 2905 accusativo,
892 2829 946 2908 qui
975 2827 1148 2908 respondet
1169 2827 1211 2891 ad
1231 2826 1370 2891 interro·

214 2923 359 3001 gationes
388 2927 566 2998 ramatum,
600 2945 690 3000 raom
726 2929 884 2997 multumt,
918 2925 1107 3006 metaphora
1136 2923 1263 3005 quidem
1294 2923 1370 2988 item

215 3036 286 3084 esse
308 3023 425 3100 potest,
450 3023 506 3088 sed
529 3041 694 3088 comesse
717 3043 780 3088 non
803 3023 1016 3089 necessarium
1037 3027 1095 3088 est.
1125 3022 1199 3086 Huc
1222 3027 1370 3101 spectant

214 3119 386 3184 accusativi
406 3119 607 3186 adverbiales
627 3125 762 3190 moltam,
782 3127 927 3196 quartum
942 3119 1096 3199 multique
1111 3121 1224 3186 horum
1240 3120 1368 3196 similes,

214 3232 276 3293 quo
298 3216 459 3282 rel'ercudi
480 3224 555 3284 suut
578 3221 674 3284 etiarn
697 3226 766 3288 tom,
789 3237 888 3293 cuma,
911 3237 992 3298 quae
1013 3220 1118 3284 omnia
1137 3218 1291 3282 maiorem
1307 3217 1369 3281 vim

213 3311 334 3376 hebent
356 3329 450 3392 quam
473 3315 604 3380 ablativi
628 3315 738 3381 similis
762 3313 1008 3396 significationis.
1032 3317 1124 3380 Actio
1147 3320 1263 3394 autem,
1287 3331 1368 3394 quae

213 3408 319 3475 inhia
349 3411 507 3492 cernitur,
540 3414 709 3478 maximam
738 3419 863 3493 partem
894 3419 944 3478 est
971 3414 1171 3492 productiva,
1207 3429 1288 3493 quae
1315 3429 1367 3476 res

213 3508 311 3572 etiam
336 3525 432 3572 causa
456 3527 526 3573 esse
549 3510 691 3592 videtur,
721 3529 778 3576 cur
800 3510 951 3576 adverbia
974 3511 1263 3591 comparativorum
1286 3527 1368 3574 sem-

213 3622 273 3683 per
300 3613 334 3668 et
362 3608 631 3684 superlativorum
664 3627 759 3688 saepe
789 3607 923 3673 formam
955 3609 1207 3673 accusativorum
1240 3606 1366 3688 generis

212 3704 359 3768 neutrius
373 3703 522 3785 habeant,
540 3705 693 3786 siquidem
706 3708 808 3772 maior
820 3705 940 3787 gradus
953 3703 1085 3772 allectus
1101 3706 1228 3770 videtur
1245 3706 1367 3770 achone

211 3799 379 3868 intensiva.

296 3899 440 3966 Alterum
464 3905 548 3980 erat,
582 3901 610 3965 si
637 3903 720 3968 actio
752 3901 923 3967 secuudum
952 3904 1124 3976 quadratam
1151 3900 1365 3981 spectabatur.

212 3995 305 4074 Quod
333 4016 435 4078 genus
462 3999 579 4064 iterum
607 3999 795 4081 bipartitum
823 4017 894 4066 esse
922 3998 1066 4064 vidimus.
1110 3996 1254 4064 Primum
1284 3999 1365 4064 euim

210 4095 295 4162 actio
316 4095 363 4160 ita
385 4115 419 4162 se
444 4097 603 4179 explicare
625 4101 749 4178 potest,
783 4101 820 4162 ut
842 4095 976 4162 interior
998 4095 1089 4176 quasi
1116 4095 1165 4160 vis
1196 4099 1229 4160 et
1250 4100 1366 4160 natura

210 4193 333 4258 clusin
354 4195 496 4262 medium
518 4196 708 4276 proferatur.
754 4195 845 4272 Quod
874 4193 929 4260 ubi
950 4191 999 4272 lit,
1035 4193 1170 4274 cogitari
1191 4200 1313 4274 potest,
1346 4208 1365 4256 a
