3070 4758
216 245 283 306 m
670 233 826 283 emautur.
841 236 904 284 cae.
918 238 961 283 m.

220 413 255 476 'nt
276 411 393 476 ismn't
413 413 572 495 hominen,
605 429 692 493 qoem
710 413 831 494 'pudent
854 417 978 494 probri?
1020 413 1138 482 Bacch.
1182 405 1293 497 Ῐῌ,
1310 414 1378 482 ¹84:

218 509 318 572 Pudet
338 513 461 588 prodire
483 530 530 574 me
554 513 592 575 ad
613 521 644 575 te
665 517 697 575 in
720 522 922 592 conspectum.
967 522 996 579 tl.
1021 518 1076 579 93:
1100 517 1205 591 quoius
1227 509 1275 578 me
1297 533 1378 578 nune

217 607 298 669 lectt
316 611 418 684 pudet.
462 607 577 674 Bacch.
617 629 646 675 v.
673 615 770 676 1155:
815 615 913 675 Pudet
935 616 1035 676 dicere
1063 631 1110 674 me
1139 613 1195 673 tibi
1225 611 1376 689 quiddam.

216 701 311 790 Epid.
334 703 360 790 Ι,
385 709 414 789 2,
436 709 471 774 4;
495 707 568 773 Idne
591 709 686 789 pudet
707 719 748 773 te.
772 709 857 774 Tria.
880 709 936 791 IV,
960 715 989 792 2,
1011 714 1068 774 67:
1090 711 1188 772 Deum
1209 711 1377 772 mehercle

217 813 307 886 etque
330 807 480 870 hominurn
500 812 601 887 pudet.
646 808 713 875 Mil.
754 807 813 889 111,
840 815 867 889 1,
892 813 948 875 292
986 810 1133 886 siquidem
1162 813 1190 868 te
1218 809 1377 884 quicquam

216 907 298 984 quod
319 905 396 970 laxis
417 909 519 986 pudet.
564 905 654 988 Capt.
681 905 725 987 ΙΙ,
750 913 777 987 l,
801 912 837 971 9:
881 911 923 970 At
944 926 998 971 nos
1020 907 1123 984 pudet,
1146 907 1216 982 quie
1236 922 1302 966 cunr
1325 922 1378 966 cn·

216 1008 297 1074 tonis
319 1022 429 1072 sumne.
473 1003 561 1072 Asin·
595 1005 751 1085 l,1‚56:
794 1009 900 1082 Neque
921 1007 1029 1084 puduit
1050 1023 1117 1066 eum
1139 1004 1171 1064 id
1186 993 1302 1065 ‘aetatis
1325 1021 1374 1064 su·

218 1107 395 1184 cophantius
419 1109 551 1169 Strnere.
598 1103 683 1168 Asin.
706 1101 745 1184 V,
769 1109 798 1182 2,
822 1108 880 1169 83:
903 1107 992 1166 Nilne
1016 1111 1046 1164 te
1068 1102 1183 1179 pudet?
1219 1097 1288 1166 DE.
1318 1101 1375 1162 Pol

219 1205 247 1267 si
270 1209 344 1267 aliut
366 1209 410 1267 nil
431 1207 480 1284 sit,
502 1206 547 1266 tui
568 1221 625 1281 me,
649 1221 732 1280 uxor,
754 1205 856 1280 pudet.
902 1199 973 1267 Cas.
995 1199 1038 1282 ΙΙ,
1063 1205 1092 1281 3,
1115 1203 1174 1263 26;
1202 1199 1319 1275 Ecquid
1341 1206 1379 1260 le

218 1304 339 1380 pudet?
381 1301 447 1367 Mil.
471 1299 530 1381 III,
557 1306 585 1382 l,
610 1305 686 1366 143:
729 1305 780 1366 Nil
802 1321 849 1365 me
871 1305 1007 1380 paenitet
1028 1303 1086 1362 ium
1111 1307 1220 1376 quanto
1243 1297 1379 1373 sumptui

217 1400 327 1462 fuerim
351 1403 415 1476 tibi,
448 1397 478 1463 lr.
503 1417 529 1466 e.
568 1416 768 1480 nonnarum
790 1399 868 1465 mihi
888 1398 1025 1476 videtur,
1049 1401 1203 1476 quantum
1226 1397 1377 1474 sumptus

223 1495 328 1562 ndhuc
350 1497 382 1561 in
404 1515 456 1562 me
475 1497 588 1565 iecisti.
626 1501 721 1566 Haud
742 1517 879 1582 parvum
901 1495 1005 1561 iudico
1028 1497 1191 1574 sumptum
1207 1505 1288 1571 esse,
1311 1503 1374 1571 quo

222 1592 284 1658 ani
305 1595 448 1676 constiti;
482 1614 545 1661 non
568 1599 724 1680 estquod
747 1592 1012 1676 ampliuslacias.
1055 1591 1172 1656 Pseud.
1209 1590 1235 1668 1,
1259 1594 1288 1668 3,
1313 1593 1374 1653 71:
1503 1635 1504 1642 ,

219 1695 289 1767 elno,
320 1711 358 1755 an
379 1697 515 1770 paenitet
538 1705 583 1773 te,
612 1705 724 1774 qnento
746 1698 796 1757 hic
818 1695 910 1755 fuerit
931 1691 1035 1754 ussni?
1078 1688 1160 1752 llud.
1200 1685 1244 1766 ΙΙ,
1267 1692 1295 1764 7,
1319 1689 1374 1750 2οε

226 1807 265 1852 en
287 1796 318 1852 te
340 1795 485 1870 paenitet,
507 1791 548 1856 ad
571 1811 600 1874 q.
623 1795 642 1858 l.
668 1792 861 1858 Gronovius:
894 1791 1066 1870 „Poenitere
1087 1785 1257 1864 interdum,
1281 1787 1376 1848 utet

221 1883 289 1964 hic,
320 1891 497 1968 usurpatur
518 1905 578 1968 pro
599 1908 662 1955 non
685 1892 870 1954 contentum
894 1904 980 1964 esse,
1008 1904 1071 1950 non
1100 1885 1179 1949 satis
1201 1881 1373 1976 iudicare.“

220 1976 309 2048 Trin.
347 1981 390 2054 ΙΙ,
412 1988 442 2064 2,
467 1989 520 2051 39:
554 1989 584 2050 Is
606 1991 741 2065 probust,
765 2006 851 2065 quem
873 1988 1008 2063 paenitet
1039 2003 1125 2060 quem
1147 1984 1259 2059 probus
1282 1983 1321 2042 sit
1343 1987 1377 2040 et

221 2079 301 2158 lruqi
321 2083 428 2159 bonae,
451 2082 538 2166 adq.
560 2081 581 2147 l.
604 2085 667 2150 vid.
692 2085 828 2150 Gronov.
853 2088 886 2148 et
907 2081 1060 2161 Lindem,
1083 2077 1138 2160 qui
1160 2068 1239 2142 haec
1259 2075 1375 2141 hebet:

222 2175 387 2258 „Dicimus
417 2179 544 2255 aliquem
565 2185 733 2263 poenitere,
766 2201 856 2258 quem
882 2182 935 2256 sil,
967 2177 1034 2244 sivo
1057 2182 1200 2253 quantem
1222 2178 1284 2250 fiat,
1319 2174 1376 2254 qui

223 2291 288 2339 non
312 2279 442 2342 content
429 2282 482 2344 tus
505 2284 556 2345 est
543 2279 630 2360 t,ed
668 2281 753 2361 quod
774 2284 833 2360 est,
809 2277 907 2344 tvel
935 2281 1088 2358 quantum
1112 2276 1170 2353 sit3
1192 2291 1252 2334 nou
1269 2274 1379 2348 poeot-

225 2377 294 2452 tere,
321 2373 375 2452 qui
398 2375 475 2440 setis
499 2395 536 2442 eo
559 2383 632 2443 cont
634 2383 687 2443 ent
689 2397 726 2443 us
749 2375 828 2442 est.“
874 2375 968 2440 Truc.
991 2373 1033 2450 ΙΙ,
1056 2381 1086 2452 4,
1110 2377 1167 2437 773
1191 2376 1302 2448 Quoius
1324 2388 1372 2432 me

223 2487 283 2533 non
306 2477 471 2548 poeniteat.
517 2472 594 2540 cist.
616 2475 642 2556 Ι,
669 2482 695 2553 1,
718 2482 776 2542 49;
800 2475 879 2537 haud
901 2492 948 2534 me
970 2475 1178 2549 poeniteat
1141 2467 1238 2535 Stich.
1261 2487 1291 2532 v.
1316 2473 1374 2532 ol·

222 2569 264 2630 Et
285 2587 333 2631 me
357 2573 474 2646 quidem
501 2574 576 2635 haec
605 2576 741 2638 condicio
769 2593 847 2635 nune
875 2589 934 2633 non
956 2573 1100 2646 paenitet.
1078 2567 1215 2632 tani.
1254 2565 1313 2646 ΙΙΙ,
1344 2570 1376 2644 2,

223 2665 283 2732 203
305 2669 356 2730 Me
379 2670 457 2730 lreud
479 2673 624 2746 poenitet.
668 2671 783 2752 Amph.
805 2669 844 2749 V,
870 2673 898 2748 1,
921 2671 975 2732 72:
1003 2670 1125 2729 Polme
1148 2670 1207 2729 han
1228 2669 1375 2746 paenitet.

222 2762 339 2829 Pseud.
362 2764 389 2846 Ι,
412 2771 441 2845 3,
465 2773 523 2832 74:
567 2771 656 2832 Nilne
679 2780 710 2833 te
733 2768 875 2831 miseret?
918 2765 957 2844 V,
982 2768 1012 2844 2,
1036 2767 1091 2829 25ε
1136 2767 1240 2841 Neque
1263 2771 1293 2824 te
1316 2763 1378 2824 mei

222 2867 302 2940 tergi
324 2867 495 2940 misereret,
523 2868 548 2928 si
571 2869 628 2929 hoc
657 2886 715 2930 non
737 2868 826 2928 hodie
850 2865 1033 2928 eoiecissem.
1078 2859 1176 2927 Stich.
1219 2859 1262 2940 II,
1286 2865 1315 2939 2,
1340 2862 1379 2922 5:

223 2957 301 3022 Nem
323 2979 370 3022 me
393 2963 511 3039 quidem
534 2967 695 3028 miserebat
717 2966 831 3027 harum.
874 2960 979 3026 Plaut.
1001 2959 1114 3042 fragm.
1142 2956 1253 3023 Diniae
1281 2955 1378 3022 Nico·

224 3055 336 3122 demus
352 3055 498 3128 Cacistus
517 3077 548 3141 p.
564 3067 628 3128 497
650 3061 724 3126 Mai.
739 3079 768 3125 v.
786 3067 821 3126 3:
845 3063 915 3138 quia
928 3076 975 3121 me
997 3060 1160 3120 miserebat
1182 3059 1235 3118 tui.
1257 3051 1375 3120 Bacch.

223 3153 279 3237 lv,
303 3159 333 3236 9,
358 3160 438 3223 121:
461 3163 588 3223 Miseret
610 3179 656 3222 me
679 3162 769 3222 illius.
814 3156 891 3222 cist.
914 3154 968 3236 lv,
991 3161 1020 3235 2,
1046 3158 1121 3220 loa:
1145 3173 1191 3215 me
1214 3155 1301 3214 huius
1324 3153 1378 3213 mi·

228 3261 320 3316 seret.
365 3251 454 3321 Pers.
477 3253 532 3336 IV,
555 3261 586 3337 4,
609 3261 666 3323 87;
689 3266 778 3336 atque
801 3274 847 3318 rne
870 3258 995 3317 miseret
1015 3263 1125 3316 temen.
1171 3249 1256 3314 Trln.
1280 3247 1322 3329 II,
1345 3253 1376 3328 4,

229 3349 285 3416 30:
307 3353 434 3414 Miseret
457 3360 486 3415 te
510 3358 646 3432 alierum,
669 3359 712 3416 tui
735 3374 791 3417 nec
813 3356 936 3415 miseret
957 3370 1013 3413 nec
1036 3353 1137 3427 pudet.
1160 3365 1189 3412 v.
1213 3351 1271 3412 29:
1300 3349 1379 3408 Nem

225 3467 304 3512 nunc
327 3470 392 3512 eum
415 3451 477 3514 vidi
499 3456 638 3514 miserum
669 3459 701 3514 et
727 3471 773 3513 me
810 3455 873 3513 eius
894 3453 1095 3512 miseritumsi.
1144 3446 1231 3511 Pers
1269 3441 1324 3522 IV,
1347 3447 1378 3524 6,

225 3549 262 3610 8:
283 3547 334 3608 Nil
356 3551 429 3608 mihi
451 3556 511 3609 tam
533 3554 657 3628 perciet,
682 3553 752 3626 quin
774 3569 821 3610 me
842 3551 874 3611 id
895 3553 997 3626 pigeat
1019 3547 1155 3625 perdere.
1186 3540 1258 3607 Aul.
1282 3539 1324 3620 II,
1348 3544 1380 3620 2,

160 3691 168 3710 .
226 3647 285 3709 33:
308 3646 426 3718 Quaeso
450 3649 528 3722 qnod
550 3655 580 3709 te
601 3649 811 3724 percontabor,
834 3667 871 3709 ne
893 3647 925 3708 id
947 3652 974 3708 te
988 3649 1090 3724 pigeat
1111 3642 1258 3720 proloqui.
1281 3637 1379 3703 Most.

224 3737 251 3822 I,
274 3747 305 3823 4,
327 3747 365 3808 4:
389 3745 437 3804 Ite
458 3763 505 3806 me
526 3745 570 3806 ibi
590 3749 668 3807 mele
692 3747 807 3808 convivi
829 3745 1032 3820 sermonisque
1055 3745 1206 3804 taesumst.
1229 3737 1325 3803 Most.
1349 3753 1379 3800 v.
1500 3795 1505 3827 ,

227 3845 307 3906 166:
331 3837 419 3902 sntin'
442 3843 517 3904 heec
539 3861 586 3906 me
608 3847 700 3907 uestis
724 3845 839 3908 deceat.
882 3841 971 3908 Pers.
993 3839 1036 3918 Π,
1060 3843 1089 3917 2,
1114 3841 1168 3903 38:
1201 3837 1300 3898 Decet
1321 3851 1379 3896 me.

225 3937 287 4008 So,
309 3941 361 4000 Me
385 3941 504 4015 quidem
527 3943 599 4003 item
622 3945 758 4006 addecet.
801 3939 899 4006 Mero.
921 3935 960 4020 V,
982 3945 1013 4019 4,
1037 3941 1093 4002 24:
1116 3937 1222 3998 Itidem
1248 3941 1283 3996 nt
1305 3939 1380 3994 tem·

227 4039 387 4117 posenni,
425 4043 551 4100 aetutem
573 4041 665 4101 elium
701 4041 783 4103 aliud
805 4039 916 4100 iactum
944 4039 1085 4100 coudecet.
1131 4029 1243 4114 Amph.
1281 4027 1324 4109 ΙΙ,
1349 4031 1380 4108 2,

227 4138 284 4202 90:
323 4138 423 4212 copies
447 4139 524 4213 quod
547 4143 578 4198 te
602 4139 758 4200 condecet.
808 4133 924 4200 Pseud.
961 4131 1015 4213 IV,
1043 4138 1069 4214 l,
1093 4135 1150 4197 24:
1189 4137 1311 4193 ornatus
1333 4129 1382 4190 his

229 4235 327 4296 satine
350 4252 396 4296 nne
421 4236 587 4297 condecet?
610 4233 702 4316 (lept.
725 4231 768 4315 II,
792 4237 821 4313 3,
845 4237 900 4299 al:
922 4235 1058 4296 remittet
1080 4237 1216 4293 nostrum
1236 4232 1293 4290 hue
1318 4245 1380 4288 sun·
