<?xml version="1.0" encoding="UTF-8"?>
<!DOCTYPE html PUBLIC "-//W3C//DTD XHTML 1.0 Transitional//EN"
    "http://www.w3.org/TR/xhtml1/DTD/xhtml1-transitional.dtd">
<html xmlns="http://www.w3.org/1999/xhtml" xml:lang="en" lang="en">
 <head>
  <title>
</title>
<meta http-equiv="Content-Type" content="text/html;charset=utf-8" />
  <meta name='ocr-system' content='tesseract 3.04.00' />
  <meta name='ocr-capabilities' content='ocr_page ocr_carea ocr_par ocr_line ocrx_word'/>
</head>
<body>
  <div class='ocr_page' id='page_1' title='image "./syntaxispriscor01holtgoog_0054.png"; bbox 0 0 3040 4758; ppageno 0'>
   <div class='ocr_carea' id='block_1_1' title="bbox 317 0 824 2">
    <p class='ocr_par' dir='ltr' id='par_1_1' title="bbox 317 0 824 2">
     <span class='ocr_line' id='line_1_1' title="bbox 317 0 824 2; baseline 0 0"><span class='ocrx_word' id='word_1_1' title='bbox 317 0 824 2; x_wconf 95' lang='lat' dir='ltr'> </span> 
     </span>
    </p>
   </div>
   <div class='ocr_carea' id='block_1_2' title="bbox 484 265 1324 337">
    <p class='ocr_par' dir='ltr' id='par_1_2' title="bbox 484 265 1324 337">
     <span class='ocr_line' id='line_1_2' title="bbox 484 265 1324 337; baseline 0.004 -29"><span class='ocrx_word' id='word_1_2' title='bbox 484 268 573 308; x_wconf 69' lang='lat' dir='ltr'>CASUS</span> <span class='ocrx_word' id='word_1_3' title='bbox 588 265 852 308; x_wconf 74' lang='lat' dir='ltr'>suusran‘rwoaull.</span> <span class='ocrx_word' id='word_1_4' title='bbox 868 287 890 296; x_wconf 89' lang='grc'>·-</span> <span class='ocrx_word' id='word_1_5' title='bbox 911 269 1014 309; x_wconf 68' lang='grc' dir='ltr'>ΛΒΙιΑΤ.</span> <span class='ocrx_word' id='word_1_6' title='bbox 1284 279 1324 337; x_wconf 73' lang='lat'>37</span> 
     </span>
    </p>
   </div>
   <div class='ocr_carea' id='block_1_3' title="bbox 158 440 1327 4337">
    <p class='ocr_par' dir='ltr' id='par_1_3' title="bbox 159 440 1327 3259">
     <span class='ocr_line' id='line_1_3' title="bbox 165 440 1326 522; baseline 0.003 -17"><span class='ocrx_word' id='word_1_7' title='bbox 165 457 279 505; x_wconf 88' lang='lat' dir='ltr'>corum</span> <span class='ocrx_word' id='word_1_8' title='bbox 304 445 338 505; x_wconf 91' lang='lat' dir='ltr'>et</span> <span class='ocrx_word' id='word_1_9' title='bbox 360 440 410 505; x_wconf 85' lang='lat' dir='ltr'>bis</span> <span class='ocrx_word' id='word_1_10' title='bbox 432 446 577 522; x_wconf 87' lang='lat' dir='ltr'>cognata,</span> <span class='ocrx_word' id='word_1_11' title='bbox 601 441 689 507; x_wconf 90' lang='lat' dir='ltr'>velut</span> <span class='ocrx_word' id='word_1_12' title='bbox 703 445 795 513; x_wconf 82' lang='lat' dir='ltr'>domo,</span> <span class='ocrx_word' id='word_1_13' title='bbox 817 461 897 511; x_wconf 80' lang='lat' dir='ltr'>rare,</span> <span class='ocrx_word' id='word_1_14' title='bbox 921 441 1051 507; x_wconf 83' lang='lat' dir='ltr'>ablativi</span> <span class='ocrx_word' id='word_1_15' title='bbox 1073 443 1233 509; x_wconf 88' lang='lat' dir='ltr'>coniuncti</span> <span class='ocrx_word' id='word_1_16' title='bbox 1254 463 1326 510; x_wconf 88' lang='lat' dir='ltr'>curn</span> 
     </span>
     <span class='ocr_line' id='line_1_4' title="bbox 164 535 1327 620; baseline 0.004 -18"><span class='ocrx_word' id='word_1_17' title='bbox 164 537 460 618; x_wconf 87' lang='lat' dir='ltr'>praepositionibus</span> <span class='ocrx_word' id='word_1_18' title='bbox 482 543 533 609; x_wconf 83' lang='lat' dir='ltr'>ab,</span> <span class='ocrx_word' id='word_1_19' title='bbox 555 559 604 610; x_wconf 79' lang='lat' dir='ltr'>oc,</span> <span class='ocrx_word' id='word_1_20' title='bbox 627 543 677 610; x_wconf 82' lang='lat' dir='ltr'>de,</span> <span class='ocrx_word' id='word_1_21' title='bbox 707 539 733 604; x_wconf 92' lang='lat' dir='ltr'>si</span> <span class='ocrx_word' id='word_1_22' title='bbox 756 535 1016 620; x_wconf 84' lang='lat' dir='ltr'>significationem</span> <span class='ocrx_word' id='word_1_23' title='bbox 1039 539 1160 606; x_wconf 88' lang='lat' dir='ltr'>habent</span> <span class='ocrx_word' id='word_1_24' title='bbox 1182 560 1257 606; x_wconf 89' lang='lat' dir='ltr'>vere</span> <span class='ocrx_word' id='word_1_25' title='bbox 1279 543 1327 607; x_wconf 93' lang='lat' dir='ltr'>lo·</span> 
     </span>
     <span class='ocr_line' id='line_1_5' title="bbox 165 633 1327 726; baseline 0.003 -26"><span class='ocrx_word' id='word_1_26' title='bbox 165 634 268 700; x_wconf 77' lang='lat' dir='ltr'>calena</span> <span class='ocrx_word' id='word_1_27' title='bbox 291 633 512 716; x_wconf 88' lang='lat' dir='ltr'>proficiscendi</span> <span class='ocrx_word' id='word_1_28' title='bbox 538 643 572 701; x_wconf 87' lang='lat' dir='ltr'>et</span> <span class='ocrx_word' id='word_1_29' title='bbox 594 637 780 715; x_wconf 81' lang='lat' dir='ltr'>distantiae,</span> <span class='ocrx_word' id='word_1_30' title='bbox 808 637 922 702; x_wconf 92' lang='lat' dir='ltr'>deinde</span> <span class='ocrx_word' id='word_1_31' title='bbox 945 637 1037 701; x_wconf 93' lang='lat' dir='ltr'>multi</span> <span class='ocrx_word' id='word_1_32' title='bbox 1059 637 1190 702; x_wconf 88' lang='lat' dir='ltr'>ablativi</span> <span class='ocrx_word' id='word_1_33' title='bbox 1213 657 1230 703; x_wconf 90' lang='lat' dir='ltr'>e</span> <span class='ocrx_word' id='word_1_34' title='bbox 1253 659 1327 726; x_wconf 84' lang='lat' dir='ltr'>ver-¹</span> 
     </span>
     <span class='ocr_line' id='line_1_6' title="bbox 165 732 1326 818; baseline 0.002 -19"><span class='ocrx_word' id='word_1_35' title='bbox 165 733 215 799; x_wconf 91' lang='lat' dir='ltr'>his</span> <span class='ocrx_word' id='word_1_36' title='bbox 239 733 431 814; x_wconf 85' lang='lat' dir='ltr'><strong>pendentes,</strong></span> <span class='ocrx_word' id='word_1_37' title='bbox 466 733 521 813; x_wconf 88' lang='lat' dir='ltr'>qui</span> <span class='ocrx_word' id='word_1_38' title='bbox 548 751 739 815; x_wconf 89' lang='lat' dir='ltr'>quamquam</span> <span class='ocrx_word' id='word_1_39' title='bbox 769 753 832 799; x_wconf 92' lang='lat' dir='ltr'>non</span> <span class='ocrx_word' id='word_1_40' title='bbox 859 752 987 816; x_wconf 86' lang='lat' dir='ltr'>semper</span> <span class='ocrx_word' id='word_1_41' title='bbox 1009 732 1071 815; x_wconf 91' lang='lat' dir='ltr'>ipsi</span> <span class='ocrx_word' id='word_1_42' title='bbox 1093 735 1197 801; x_wconf 92' lang='lat' dir='ltr'>locum</span> <span class='ocrx_word' id='word_1_43' title='bbox 1221 738 1326 818; x_wconf 86' lang='lat' dir='ltr'>expri-</span> 
     </span>
     <span class='ocr_line' id='line_1_7' title="bbox 167 830 1326 913; baseline 0.003 -19"><span class='ocrx_word' id='word_1_44' title='bbox 167 835 273 910; x_wconf 88' lang='lat' dir='ltr'>munt,</span> <span class='ocrx_word' id='word_1_45' title='bbox 309 835 415 895; x_wconf 91' lang='lat' dir='ltr'>tamen</span> <span class='ocrx_word' id='word_1_46' title='bbox 438 848 497 913; x_wconf 95' lang='lat' dir='ltr'>pro</span> <span class='ocrx_word' id='word_1_47' title='bbox 519 832 611 911; x_wconf 88' lang='lat' dir='ltr'>locis,</span> <span class='ocrx_word' id='word_1_48' title='bbox 646 833 729 898; x_wconf 87' lang='lat' dir='ltr'>unda</span> <span class='ocrx_word' id='word_1_49' title='bbox 752 830 859 911; x_wconf 86' lang='lat' dir='ltr'>aliqua</span> <span class='ocrx_word' id='word_1_50' title='bbox 881 833 964 897; x_wconf 89' lang='lat' dir='ltr'>actio</span> <span class='ocrx_word' id='word_1_51' title='bbox 986 830 1212 913; x_wconf 86' lang='lat' dir='ltr'>proficiscitur,</span> <span class='ocrx_word' id='word_1_52' title='bbox 1243 835 1326 900; x_wconf 91' lang='lat' dir='ltr'>acci·</span> 
     </span>
     <span class='ocr_line' id='line_1_8' title="bbox 166 928 1325 1010; baseline 0.002 -18"><span class='ocrx_word' id='word_1_53' title='bbox 166 931 314 1010; x_wconf 87' lang='lat' dir='ltr'>piantur,</span> <span class='ocrx_word' id='word_1_54' title='bbox 353 933 421 992; x_wconf 85' lang='lat' dir='ltr'>turn</span> <span class='ocrx_word' id='word_1_55' title='bbox 457 928 607 994; x_wconf 87' lang='lat' dir='ltr'>adverbia</span> <span class='ocrx_word' id='word_1_56' title='bbox 636 929 829 995; x_wconf 78' lang='lat' dir='ltr'>correlative</span> <span class='ocrx_word' id='word_1_57' title='bbox 854 937 932 996; x_wconf 81' lang='lat' dir='ltr'>ande</span> <span class='ocrx_word' id='word_1_58' title='bbox 958 937 991 997; x_wconf 89' lang='lat' dir='ltr'>et</span> <span class='ocrx_word' id='word_1_59' title='bbox 1017 935 1098 1002; x_wconf 79' lang='lat' dir='ltr'>inde,</span> <span class='ocrx_word' id='word_1_60' title='bbox 1135 931 1218 996; x_wconf 89' lang='lat' dir='ltr'>sicut</span> <span class='ocrx_word' id='word_1_61' title='bbox 1249 936 1325 1001; x_wconf 76' lang='lat' dir='ltr'>laiac,</span> 
     </span>
     <span class='ocr_line' id='line_1_9' title="bbox 164 1026 1324 1111; baseline 0 -21"><span class='ocrx_word' id='word_1_62' title='bbox 164 1032 257 1099; x_wconf 72' lang='lat' dir='ltr'>Mino,</span> <span class='ocrx_word' id='word_1_63' title='bbox 278 1030 373 1097; x_wconf 80' lang='lat' dir='ltr'>istinc,</span> <span class='ocrx_word' id='word_1_64' title='bbox 394 1031 551 1102; x_wconf 67' lang='lat' dir='ltr'>mamque.</span> <span class='ocrx_word' id='word_1_65' title='bbox 597 1026 695 1093; x_wconf 89' lang='lat' dir='ltr'>Naev.</span> <span class='ocrx_word' id='word_1_66' title='bbox 717 1026 789 1092; x_wconf 91' lang='lat' dir='ltr'>bell.</span> <span class='ocrx_word' id='word_1_67' title='bbox 814 1030 891 1095; x_wconf 90' lang='lat' dir='ltr'>Pnn.</span> <span class='ocrx_word' id='word_1_68' title='bbox 915 1031 936 1096; x_wconf 93' lang='lat' dir='ltr'>l.</span> <span class='ocrx_word' id='word_1_69' title='bbox 959 1029 984 1111; x_wconf 70' lang='lat' dir='ltr'>l,</span> <span class='ocrx_word' id='word_1_70' title='bbox 1007 1030 1045 1095; x_wconf 88' lang='lat' dir='ltr'>ir.</span> <span class='ocrx_word' id='word_1_71' title='bbox 1071 1034 1103 1095; x_wconf 88' lang='lat'>5:</span> <span class='ocrx_word' id='word_1_72' title='bbox 1128 1033 1242 1092; x_wconf 72' lang='lat' dir='ltr'>Trana</span> <span class='ocrx_word' id='word_1_73' title='bbox 1263 1033 1324 1092; x_wconf 85' lang='lat' dir='ltr'>axi-</span> 
     </span>
     <span class='ocr_line' id='line_1_10' title="bbox 165 1123 1325 1208; baseline 0.001 -19"><span class='ocrx_word' id='word_1_74' title='bbox 165 1130 248 1190; x_wconf 90' lang='lat' dir='ltr'>bant.</span> <span class='ocrx_word' id='word_1_75' title='bbox 294 1125 389 1190; x_wconf 83' lang='lat' dir='ltr'>Ennii</span> <span class='ocrx_word' id='word_1_76' title='bbox 418 1124 521 1188; x_wconf 89' lang='lat' dir='ltr'>annal.</span> <span class='ocrx_word' id='word_1_77' title='bbox 550 1124 569 1188; x_wconf 96' lang='lat' dir='ltr'>l.</span> <span class='ocrx_word' id='word_1_78' title='bbox 594 1124 655 1204; x_wconf 92' lang='lat' dir='ltr'>IX,</span> <span class='ocrx_word' id='word_1_79' title='bbox 683 1123 720 1190; x_wconf 90' lang='lat' dir='ltr'>fr.</span> <span class='ocrx_word' id='word_1_80' title='bbox 752 1133 806 1192; x_wconf 83' lang='lat'>19:</span> <span class='ocrx_word' id='word_1_81' title='bbox 842 1130 939 1191; x_wconf 82' lang='lat' dir='ltr'>Sarra</span> <span class='ocrx_word' id='word_1_82' title='bbox 970 1132 1104 1208; x_wconf 87' lang='lat' dir='ltr'>oriundi,</span> <span class='ocrx_word' id='word_1_83' title='bbox 1137 1127 1157 1191; x_wconf 93' lang='lat' dir='ltr'>i.</span> <span class='ocrx_word' id='word_1_84' title='bbox 1185 1147 1210 1192; x_wconf 91' lang='lat' dir='ltr'>e.</span> <span class='ocrx_word' id='word_1_85' title='bbox 1240 1127 1325 1208; x_wconf 87' lang='lat' dir='ltr'>Tyro</span> 
     </span>
     <span class='ocr_line' id='line_1_11' title="bbox 168 1222 1326 1308; baseline 0 -20"><span class='ocrx_word' id='word_1_86' title='bbox 168 1224 309 1304; x_wconf 81' lang='lat' dir='ltr'>(Probus</span> <span class='ocrx_word' id='word_1_87' title='bbox 330 1223 364 1286; x_wconf 90' lang='lat' dir='ltr'>in</span> <span class='ocrx_word' id='word_1_88' title='bbox 386 1222 504 1304; x_wconf 86' lang='lat' dir='ltr'>Georg.</span> <span class='ocrx_word' id='word_1_89' title='bbox 527 1223 567 1300; x_wconf 92' lang='lat' dir='ltr'>ll,</span> <span class='ocrx_word' id='word_1_90' title='bbox 592 1227 652 1286; x_wconf 80' lang='lat'>506</span> <span class='ocrx_word' id='word_1_91' title='bbox 676 1241 705 1302; x_wconf 89' lang='lat' dir='ltr'>p.</span> <span class='ocrx_word' id='word_1_92' title='bbox 728 1229 768 1289; x_wconf 81' lang='lat'>53</span> <span class='ocrx_word' id='word_1_93' title='bbox 791 1225 887 1290; x_wconf 86' lang='lat' dir='ltr'>Keil:</span> <span class='ocrx_word' id='word_1_94' title='bbox 922 1226 1026 1308; x_wconf 87' lang='lat' dir='ltr'>Tyron</span> <span class='ocrx_word' id='word_1_95' title='bbox 1049 1260 1092 1270; x_wconf 94' lang='lat'><em>-</em></span> <span class='ocrx_word' id='word_1_96' title='bbox 1115 1225 1243 1290; x_wconf 85' lang='lat' dir='ltr'>Sarrum</span> <span class='ocrx_word' id='word_1_97' title='bbox 1270 1243 1326 1304; x_wconf 87' lang='lat' dir='ltr'>ap-</span> 
     </span>
     <span class='ocr_line' id='line_1_12' title="bbox 166 1321 1323 1404; baseline -0.002 -18"><span class='ocrx_word' id='word_1_98' title='bbox 166 1322 320 1404; x_wconf 81' lang='lat' dir='ltr'>pellatam</span> <span class='ocrx_word' id='word_1_99' title='bbox 337 1321 495 1385; x_wconf 82' lang='lat' dir='ltr'>Homerus</span> <span class='ocrx_word' id='word_1_100' title='bbox 511 1321 614 1400; x_wconf 86' lang='lat' dir='ltr'>docet,</span> <span class='ocrx_word' id='word_1_101' title='bbox 630 1337 723 1402; x_wconf 85' lang='lat' dir='ltr'>quern</span> <span class='ocrx_word' id='word_1_102' title='bbox 741 1322 836 1386; x_wconf 87' lang='lat' dir='ltr'>etiarn</span> <span class='ocrx_word' id='word_1_103' title='bbox 851 1323 972 1388; x_wconf 84' lang='lat' dir='ltr'>Ennius</span> <span class='ocrx_word' id='word_1_104' title='bbox 988 1322 1135 1403; x_wconf 89' lang='lat' dir='ltr'>sequitur</span> <span class='ocrx_word' id='word_1_105' title='bbox 1148 1329 1323 1400; x_wconf 80' lang='lat' dir='ltr'>auctorem,</span> 
     </span>
     <span class='ocr_line' id='line_1_13' title="bbox 166 1419 1322 1498; baseline -0.007 -10"><span class='ocrx_word' id='word_1_106' title='bbox 166 1439 237 1488; x_wconf 90' lang='lat' dir='ltr'>cum</span> <span class='ocrx_word' id='word_1_107' title='bbox 262 1420 339 1484; x_wconf 83' lang='lat' dir='ltr'>dicit</span> <span class='ocrx_word' id='word_1_108' title='bbox 371 1423 507 1495; x_wconf 89' lang='lat' dir='ltr'>„Poenos</span> <span class='ocrx_word' id='word_1_109' title='bbox 531 1421 623 1480; x_wconf 81' lang='lat' dir='ltr'>Sarra</span> <span class='ocrx_word' id='word_1_110' title='bbox 645 1423 828 1497; x_wconf 81' lang='lat' dir='ltr'>oriundos⁸‘).</span> <span class='ocrx_word' id='word_1_111' title='bbox 875 1420 978 1486; x_wconf 90' lang='lat' dir='ltr'>Plaut.</span> <span class='ocrx_word' id='word_1_112' title='bbox 1007 1422 1101 1487; x_wconf 83' lang='lat' dir='ltr'>Most.</span> <span class='ocrx_word' id='word_1_113' title='bbox 1129 1419 1174 1498; x_wconf 94' lang='grc' dir='ltr'>ΙΙ,</span> <span class='ocrx_word' id='word_1_114' title='bbox 1207 1425 1239 1496; x_wconf 99' lang='grc'>2,</span> <span class='ocrx_word' id='word_1_115' title='bbox 1270 1425 1322 1483; x_wconf 85' lang='grc' dir='ltr'>1οε</span> 
     </span>
     <span class='ocr_line' id='line_1_14' title="bbox 165 1516 1322 1597; baseline -0.002 -17"><span class='ocrx_word' id='word_1_116' title='bbox 165 1519 301 1595; x_wconf 70' lang='lat' dir='ltr'>Aegypto</span> <span class='ocrx_word' id='word_1_117' title='bbox 324 1521 457 1579; x_wconf 86' lang='lat' dir='ltr'>advenio.</span> <span class='ocrx_word' id='word_1_118' title='bbox 504 1516 596 1582; x_wconf 87' lang='lat' dir='ltr'>Truc.</span> <span class='ocrx_word' id='word_1_119' title='bbox 613 1517 638 1594; x_wconf 96' lang='grc' dir='ltr'>Ι,</span> <span class='ocrx_word' id='word_1_120' title='bbox 664 1523 692 1597; x_wconf 97' lang='grc'>1,</span> <span class='ocrx_word' id='word_1_121' title='bbox 717 1524 774 1582; x_wconf 85' lang='grc'>74;</span> <span class='ocrx_word' id='word_1_122' title='bbox 796 1523 872 1580; x_wconf 87' lang='lat' dir='ltr'>Nam</span> <span class='ocrx_word' id='word_1_123' title='bbox 889 1537 944 1597; x_wconf 90' lang='lat' dir='ltr'>ego</span> <span class='ocrx_word' id='word_1_124' title='bbox 959 1521 1072 1582; x_wconf 83' lang='lat' dir='ltr'>Lemno</span> <span class='ocrx_word' id='word_1_125' title='bbox 1088 1521 1213 1581; x_wconf 87' lang='lat' dir='ltr'>advenio</span> <span class='ocrx_word' id='word_1_126' title='bbox 1229 1521 1322 1579; x_wconf 88' lang='lat' dir='ltr'>Athe-</span> 
     </span>
     <span class='ocr_line' id='line_1_15' title="bbox 166 1613 1324 1694; baseline 0 -16"><span class='ocrx_word' id='word_1_127' title='bbox 166 1637 219 1679; x_wconf 90' lang='lat' dir='ltr'>nas</span> <span class='ocrx_word' id='word_1_128' title='bbox 243 1619 349 1678; x_wconf 92' lang='lat' dir='ltr'>nudius</span> <span class='ocrx_word' id='word_1_129' title='bbox 372 1620 488 1678; x_wconf 91' lang='lat' dir='ltr'>tertius.</span> <span class='ocrx_word' id='word_1_130' title='bbox 522 1613 564 1694; x_wconf 92' lang='grc' dir='ltr'>Π,</span> <span class='ocrx_word' id='word_1_131' title='bbox 579 1622 610 1692; x_wconf 91' lang='grc'>4,</span> <span class='ocrx_word' id='word_1_132' title='bbox 626 1624 661 1679; x_wconf 85' lang='grc'>4;</span> <span class='ocrx_word' id='word_1_133' title='bbox 687 1619 743 1692; x_wconf 83' lang='lat' dir='ltr'>Qui</span> <span class='ocrx_word' id='word_1_134' title='bbox 765 1625 826 1678; x_wconf 90' lang='lat' dir='ltr'>tam</span> <span class='ocrx_word' id='word_1_135' title='bbox 848 1617 1006 1692; x_wconf 75' lang='lat' dir='ltr'>infacetus,</span> <span class='ocrx_word' id='word_1_136' title='bbox 1028 1619 1142 1679; x_wconf 86' lang='lat' dir='ltr'>Lemno</span> <span class='ocrx_word' id='word_1_137' title='bbox 1164 1619 1324 1678; x_wconf 87' lang='lat' dir='ltr'>adveniens</span> 
     </span>
     <span class='ocr_line' id='line_1_16' title="bbox 166 1712 1322 1792; baseline -0.004 -13"><span class='ocrx_word' id='word_1_138' title='bbox 166 1717 239 1780; x_wconf 79' lang='lat' dir='ltr'>cett.</span> <span class='ocrx_word' id='word_1_139' title='bbox 264 1713 352 1778; x_wconf 78' lang='lat' dir='ltr'>Pera.</span> <span class='ocrx_word' id='word_1_140' title='bbox 376 1712 401 1792; x_wconf 96' lang='grc' dir='ltr'>Ι,</span> <span class='ocrx_word' id='word_1_141' title='bbox 426 1718 455 1792; x_wconf 89' lang='lat'>3,</span> <span class='ocrx_word' id='word_1_142' title='bbox 480 1716 534 1777; x_wconf 84' lang='lat'>57:</span> <span class='ocrx_word' id='word_1_143' title='bbox 564 1716 745 1790; x_wconf 83' lang='lat' dir='ltr'>Megaribus.</span> <span class='ocrx_word' id='word_1_144' title='bbox 789 1713 885 1778; x_wconf 83' lang='lat' dir='ltr'>Mero.</span> <span class='ocrx_word' id='word_1_145' title='bbox 911 1732 936 1776; x_wconf 92' lang='lat' dir='ltr'>v.</span> <span class='ocrx_word' id='word_1_146' title='bbox 962 1717 1037 1780; x_wconf 87' lang='lat'><strong>390:</strong></span> <span class='ocrx_word' id='word_1_147' title='bbox 1070 1734 1192 1791; x_wconf 89' lang='lat' dir='ltr'>ecquam</span> <span class='ocrx_word' id='word_1_148' title='bbox 1216 1723 1248 1774; x_wconf 92' lang='lat' dir='ltr'>tu</span> <span class='ocrx_word' id='word_1_149' title='bbox 1271 1717 1322 1775; x_wconf 86' lang='lat' dir='ltr'>ad·</span> 
     </span>
     <span class='ocr_line' id='line_1_17' title="bbox 165 1810 1323 1891; baseline -0.002 -17"><span class='ocrx_word' id='word_1_150' title='bbox 165 1816 246 1874; x_wconf 83' lang='lat' dir='ltr'>venti</span> <span class='ocrx_word' id='word_1_151' title='bbox 273 1822 342 1874; x_wconf 89' lang='lat' dir='ltr'>tuae</span> <span class='ocrx_word' id='word_1_152' title='bbox 372 1814 461 1874; x_wconf 90' lang='lat' dir='ltr'>matri</span> <span class='ocrx_word' id='word_1_153' title='bbox 489 1814 627 1874; x_wconf 86' lang='lat' dir='ltr'>ancillam</span> <span class='ocrx_word' id='word_1_154' title='bbox 655 1813 781 1872; x_wconf 77' lang='lat' dir='ltr'>Rhodo?</span> <span class='ocrx_word' id='word_1_155' title='bbox 824 1810 920 1875; x_wconf 88' lang='lat' dir='ltr'>Poen.</span> <span class='ocrx_word' id='word_1_156' title='bbox 943 1811 981 1891; x_wconf 91' lang='lat' dir='ltr'>V,</span> <span class='ocrx_word' id='word_1_157' title='bbox 1012 1817 1045 1890; x_wconf 83' lang='lat'>2,</span> <span class='ocrx_word' id='word_1_158' title='bbox 1070 1817 1134 1875; x_wconf 75' lang='lat'>271·</span> <span class='ocrx_word' id='word_1_159' title='bbox 1161 1815 1218 1887; x_wconf 81' lang='lat' dir='ltr'>Qui</span> <span class='ocrx_word' id='word_1_160' title='bbox 1247 1815 1323 1872; x_wconf 90' lang='lat' dir='ltr'>illim</span> 
     </span>
     <span class='ocr_line' id='line_1_18' title="bbox 165 1907 1321 1991; baseline -0.003 -15"><span class='ocrx_word' id='word_1_161' title='bbox 165 1911 223 1988; x_wconf 83' lang='lat' dir='ltr'>(sic</span> <span class='ocrx_word' id='word_1_162' title='bbox 246 1912 308 1991; x_wconf 79' lang='lat' dir='ltr'>Ap)</span> <span class='ocrx_word' id='word_1_163' title='bbox 333 1913 470 1972; x_wconf 86' lang='lat' dir='ltr'>sexennis</span> <span class='ocrx_word' id='word_1_164' title='bbox 494 1913 634 1985; x_wconf 90' lang='lat' dir='ltr'>perierim</span> <span class='ocrx_word' id='word_1_165' title='bbox 657 1912 855 1984; x_wconf 77' lang='lat' dir='ltr'>Karthagine.</span> <span class='ocrx_word' id='word_1_166' title='bbox 898 1909 935 1974; x_wconf 90' lang='lat' dir='ltr'>cf.</span> <span class='ocrx_word' id='word_1_167' title='bbox 961 1927 987 1972; x_wconf 89' lang='lat' dir='ltr'>v.</span> <span class='ocrx_word' id='word_1_168' title='bbox 1006 1914 1056 1974; x_wconf 83' lang='lat'>29.</span> <span class='ocrx_word' id='word_1_169' title='bbox 1094 1907 1191 1974; x_wconf 88' lang='lat' dir='ltr'>Stich.</span> <span class='ocrx_word' id='word_1_170' title='bbox 1210 1907 1268 1986; x_wconf 91' lang='grc' dir='ltr'>ΙΙΙ,</span> <span class='ocrx_word' id='word_1_171' title='bbox 1293 1913 1321 1986; x_wconf 88' lang='grc'>2,</span> 
     </span>
     <span class='ocr_line' id='line_1_19' title="bbox 165 2006 1322 2086; baseline -0.006 -11"><span class='ocrx_word' id='word_1_172' title='bbox 165 2014 220 2075; x_wconf 85' lang='lat'>35:</span> <span class='ocrx_word' id='word_1_173' title='bbox 243 2010 409 2072; x_wconf 79' lang='lat' dir='ltr'>Ambracia</span> <span class='ocrx_word' id='word_1_174' title='bbox 424 2011 546 2070; x_wconf 83' lang='lat' dir='ltr'>veniunt</span> <span class='ocrx_word' id='word_1_175' title='bbox 561 2010 618 2068; x_wconf 88' lang='lat' dir='ltr'>huo</span> <span class='ocrx_word' id='word_1_176' title='bbox 633 2011 725 2086; x_wconf 87' lang='lat' dir='ltr'>legati</span> <span class='ocrx_word' id='word_1_177' title='bbox 740 2011 870 2084; x_wconf 89' lang='lat' dir='ltr'>puplice.</span> <span class='ocrx_word' id='word_1_178' title='bbox 907 2006 1022 2072; x_wconf 82' lang='lat' dir='ltr'>Bacch.</span> <span class='ocrx_word' id='word_1_179' title='bbox 1040 2007 1080 2086; x_wconf 93' lang='grc' dir='ltr'>ΙΙ,</span> <span class='ocrx_word' id='word_1_180' title='bbox 1105 2010 1133 2085; x_wconf 90' lang='grc'>2,</span> <span class='ocrx_word' id='word_1_181' title='bbox 1158 2011 1213 2071; x_wconf 83' lang='lat'>53:</span> <span class='ocrx_word' id='word_1_182' title='bbox 1237 2009 1322 2068; x_wconf 81' lang='lat' dir='ltr'>Mille</span> 
     </span>
     <span class='ocr_line' id='line_1_20' title="bbox 164 2103 1322 2182; baseline -0.005 -13"><span class='ocrx_word' id='word_1_183' title='bbox 164 2116 195 2169; x_wconf 89' lang='lat' dir='ltr'>et</span> <span class='ocrx_word' id='word_1_184' title='bbox 218 2110 363 2170; x_wconf 88' lang='lat' dir='ltr'>ducentos</span> <span class='ocrx_word' id='word_1_185' title='bbox 387 2108 538 2182; x_wconf 83' lang='lat' dir='ltr'>Philippos</span> <span class='ocrx_word' id='word_1_186' title='bbox 561 2109 681 2168; x_wconf 88' lang='lat' dir='ltr'>tulimus</span> <span class='ocrx_word' id='word_1_187' title='bbox 704 2124 811 2167; x_wconf 89' lang='lat' dir='ltr'>aureos</span> <span class='ocrx_word' id='word_1_188' title='bbox 834 2107 962 2180; x_wconf 81' lang='lat' dir='ltr'>Epheso.</span> <span class='ocrx_word' id='word_1_189' title='bbox 1004 2103 1119 2168; x_wconf 89' lang='lat' dir='ltr'>Pseud.</span> <span class='ocrx_word' id='word_1_190' title='bbox 1143 2104 1192 2180; x_wconf 92' lang='grc' dir='ltr'>ΙΙ,</span> <span class='ocrx_word' id='word_1_191' title='bbox 1213 2110 1243 2180; x_wconf 90' lang='grc'>4,</span> <span class='ocrx_word' id='word_1_192' title='bbox 1267 2107 1322 2166; x_wconf 83' lang='grc' dir='ltr'>4οι</span> 
     </span>
     <span class='ocr_line' id='line_1_21' title="bbox 165 2199 1323 2281; baseline -0.003 -15"><span class='ocrx_word' id='word_1_193' title='bbox 165 2208 222 2281; x_wconf 80' lang='lat' dir='ltr'>Qui</span> <span class='ocrx_word' id='word_1_194' title='bbox 247 2207 285 2266; x_wconf 88' lang='lat' dir='ltr'>ad</span> <span class='ocrx_word' id='word_1_195' title='bbox 307 2213 424 2280; x_wconf 89' lang='lat' dir='ltr'>patrem</span> <span class='ocrx_word' id='word_1_196' title='bbox 447 2206 568 2265; x_wconf 84' lang='lat' dir='ltr'>advenit</span> <span class='ocrx_word' id='word_1_197' title='bbox 591 2205 725 2264; x_wconf 83' lang='lat' dir='ltr'>Oarasto.</span> <span class='ocrx_word' id='word_1_198' title='bbox 771 2199 809 2268; x_wconf 88' lang='lat' dir='ltr'>cf.</span> <span class='ocrx_word' id='word_1_199' title='bbox 832 2221 861 2266; x_wconf 88' lang='lat' dir='ltr'>v.</span> <span class='ocrx_word' id='word_1_200' title='bbox 883 2209 940 2266; x_wconf 83' lang='lat'>47:</span> <span class='ocrx_word' id='word_1_201' title='bbox 975 2223 1011 2265; x_wconf 81' lang='lat' dir='ltr'>ea</span> <span class='ocrx_word' id='word_1_202' title='bbox 1035 2205 1160 2265; x_wconf 66' lang='lat' dir='ltr'>dormio</span> <span class='ocrx_word' id='word_1_203' title='bbox 1188 2205 1237 2278; x_wconf 86' lang='lat' dir='ltr'>qni</span> <span class='ocrx_word' id='word_1_204' title='bbox 1265 2204 1323 2263; x_wconf 91' lang='lat' dir='ltr'>huc</span> 
     </span>
     <span class='ocr_line' id='line_1_22' title="bbox 165 2299 1326 2380; baseline -0.003 -15"><span class='ocrx_word' id='word_1_205' title='bbox 165 2305 295 2365; x_wconf 81' lang='lat' dir='ltr'>advenit.</span> <span class='ocrx_word' id='word_1_206' title='bbox 326 2299 450 2365; x_wconf 87' lang='lat' dir='ltr'>Deinde</span> <span class='ocrx_word' id='word_1_207' title='bbox 471 2301 633 2379; x_wconf 90' lang='lat' dir='ltr'>pertinent</span> <span class='ocrx_word' id='word_1_208' title='bbox 654 2300 717 2365; x_wconf 93' lang='lat' dir='ltr'>huc</span> <span class='ocrx_word' id='word_1_209' title='bbox 739 2300 884 2380; x_wconf 80' lang='lat' dir='ltr'>exempla</span> <span class='ocrx_word' id='word_1_210' title='bbox 906 2300 1011 2364; x_wconf 89' lang='lat' dir='ltr'>omnia</span> <span class='ocrx_word' id='word_1_211' title='bbox 1034 2317 1116 2379; x_wconf 87' lang='lat' dir='ltr'>quae</span> <span class='ocrx_word' id='word_1_212' title='bbox 1139 2300 1200 2364; x_wconf 88' lang='lat' dir='ltr'>iam</span> <span class='ocrx_word' id='word_1_213' title='bbox 1226 2315 1326 2378; x_wconf 89' lang='lat' dir='ltr'>supra</span> 
     </span>
     <span class='ocr_line' id='line_1_23' title="bbox 161 2396 1320 2478; baseline -0.004 -14"><span class='ocrx_word' id='word_1_214' title='bbox 161 2400 332 2464; x_wconf 88' lang='lat' dir='ltr'>attulimus</span> <span class='ocrx_word' id='word_1_215' title='bbox 361 2416 433 2462; x_wconf 92' lang='lat' dir='ltr'>oum</span> <span class='ocrx_word' id='word_1_216' title='bbox 455 2399 495 2463; x_wconf 89' lang='lat' dir='ltr'>de</span> <span class='ocrx_word' id='word_1_217' title='bbox 516 2397 643 2462; x_wconf 88' lang='lat' dir='ltr'>notione</span> <span class='ocrx_word' id='word_1_218' title='bbox 666 2397 859 2462; x_wconf 85' lang='lat' dir='ltr'>substantivi</span> <span class='ocrx_word' id='word_1_219' title='bbox 880 2398 1070 2478; x_wconf 82' lang='lat' dir='ltr'>agebamus,</span> <span class='ocrx_word' id='word_1_220' title='bbox 1104 2415 1142 2462; x_wconf 92' lang='lat' dir='ltr'>ea</span> <span class='ocrx_word' id='word_1_221' title='bbox 1170 2397 1254 2474; x_wconf 86' lang='lat' dir='ltr'>dico,</span> <span class='ocrx_word' id='word_1_222' title='bbox 1288 2396 1320 2460; x_wconf 94' lang='lat' dir='ltr'>in</span> 
     </span>
     <span class='ocr_line' id='line_1_24' title="bbox 162 2493 1320 2576; baseline -0.002 -16"><span class='ocrx_word' id='word_1_223' title='bbox 162 2497 279 2576; x_wconf 78' lang='lat' dir='ltr'>qtuibns</span> <span class='ocrx_word' id='word_1_224' title='bbox 311 2495 468 2560; x_wconf 87' lang='lat' dir='ltr'>ablativus</span> <span class='ocrx_word' id='word_1_225' title='bbox 498 2495 634 2558; x_wconf 88' lang='lat' dir='ltr'>nominis</span> <span class='ocrx_word' id='word_1_226' title='bbox 665 2494 752 2561; x_wconf 90' lang='lat' dir='ltr'>urbis</span> <span class='ocrx_word' id='word_1_227' title='bbox 786 2496 853 2560; x_wconf 85' lang='lat' dir='ltr'>sive</span> <span class='ocrx_word' id='word_1_228' title='bbox 882 2493 1005 2560; x_wconf 89' lang='lat' dir='ltr'>insulae</span> <span class='ocrx_word' id='word_1_229' title='bbox 1034 2495 1088 2559; x_wconf 90' lang='lat' dir='ltr'>alii</span> <span class='ocrx_word' id='word_1_230' title='bbox 1119 2493 1320 2560; x_wconf 87' lang='lat' dir='ltr'>substantivo</span> 
     </span>
     <span class='ocr_line' id='line_1_25' title="bbox 162 2591 1319 2673; baseline -0.002 -15"><span class='ocrx_word' id='word_1_231' title='bbox 162 2594 289 2658; x_wconf 91' lang='lat' dir='ltr'>additus</span> <span class='ocrx_word' id='word_1_232' title='bbox 313 2592 425 2658; x_wconf 89' lang='lat' dir='ltr'>estad</span> <span class='ocrx_word' id='word_1_233' title='bbox 449 2592 603 2672; x_wconf 85' lang='lat' dir='ltr'>originem</span> <span class='ocrx_word' id='word_1_234' title='bbox 627 2593 879 2672; x_wconf 89' lang='lat' dir='ltr'>exprimendam,</span> <span class='ocrx_word' id='word_1_235' title='bbox 913 2610 977 2673; x_wconf 87' lang='lat' dir='ltr'>qua</span> <span class='ocrx_word' id='word_1_236' title='bbox 1005 2591 1045 2657; x_wconf 92' lang='lat' dir='ltr'>de</span> <span class='ocrx_word' id='word_1_237' title='bbox 1072 2611 1108 2656; x_wconf 91' lang='lat' dir='ltr'>re</span> <span class='ocrx_word' id='word_1_238' title='bbox 1130 2593 1202 2656; x_wconf 90' lang='lat' dir='ltr'>vide</span> <span class='ocrx_word' id='word_1_239' title='bbox 1223 2591 1319 2656; x_wconf 90' lang='lat' dir='ltr'>etiam</span> 
     </span>
     <span class='ocr_line' id='line_1_26' title="bbox 164 2688 1320 2770; baseline -0.006 -11"><span class='ocrx_word' id='word_1_240' title='bbox 164 2691 348 2759; x_wconf 85' lang='lat' dir='ltr'>Schneider.</span> <span class='ocrx_word' id='word_1_241' title='bbox 371 2691 412 2755; x_wconf 84' lang='lat' dir='ltr'>ad</span> <span class='ocrx_word' id='word_1_242' title='bbox 429 2689 519 2756; x_wconf 71' lang='lat' dir='ltr'>Cares.</span> <span class='ocrx_word' id='word_1_243' title='bbox 543 2688 616 2755; x_wconf 89' lang='lat' dir='ltr'>bell.</span> <span class='ocrx_word' id='word_1_244' title='bbox 634 2689 716 2756; x_wconf 85' lang='lat' dir='ltr'>Gall.</span> <span class='ocrx_word' id='word_1_245' title='bbox 733 2690 792 2769; x_wconf 86' lang='grc' dir='ltr'>ΙΙΙ,</span> <span class='ocrx_word' id='word_1_246' title='bbox 817 2696 867 2770; x_wconf 90' lang='grc'>20,</span> <span class='ocrx_word' id='word_1_247' title='bbox 891 2695 919 2754; x_wconf 81' lang='lat'>2.</span> <span class='ocrx_word' id='word_1_248' title='bbox 965 2690 1044 2754; x_wconf 85' lang='lat' dir='ltr'>Cato</span> <span class='ocrx_word' id='word_1_249' title='bbox 1066 2689 1146 2753; x_wconf 83' lang='lat' dir='ltr'>dixit</span> <span class='ocrx_word' id='word_1_250' title='bbox 1162 2691 1320 2765; x_wconf 71' lang='lat' dir='ltr'>Syracusis</span> 
     </span>
     <span class='ocr_line' id='line_1_27' title="bbox 162 2786 1318 2866; baseline -0.006 -12"><span class='ocrx_word' id='word_1_251' title='bbox 162 2797 275 2855; x_wconf 85' lang='lat' dir='ltr'>soleae.</span> <span class='ocrx_word' id='word_1_252' title='bbox 320 2789 423 2853; x_wconf 89' lang='lat' dir='ltr'>Plaut.</span> <span class='ocrx_word' id='word_1_253' title='bbox 451 2787 549 2853; x_wconf 83' lang='lat' dir='ltr'>Marc.</span> <span class='ocrx_word' id='word_1_254' title='bbox 573 2786 611 2866; x_wconf 93' lang='lat' dir='ltr'>V,</span> <span class='ocrx_word' id='word_1_255' title='bbox 641 2793 674 2866; x_wconf 91' lang='grc'>2,</span> <span class='ocrx_word' id='word_1_256' title='bbox 699 2792 754 2854; x_wconf 82' lang='lat'>99:</span> <span class='ocrx_word' id='word_1_257' title='bbox 789 2792 883 2851; x_wconf 83' lang='lat' dir='ltr'>Video</span> <span class='ocrx_word' id='word_1_258' title='bbox 913 2793 954 2850; x_wconf 90' lang='lat' dir='ltr'>ibi</span> <span class='ocrx_word' id='word_1_259' title='bbox 982 2790 1130 2864; x_wconf 86' lang='lat' dir='ltr'>hospitem</span> <span class='ocrx_word' id='word_1_260' title='bbox 1157 2789 1318 2862; x_wconf 70' lang='lat' dir='ltr'>Zacyntho.</span> 
     </span>
     <span class='ocr_line' id='line_1_28' title="bbox 161 2883 1319 2964; baseline -0.004 -14"><span class='ocrx_word' id='word_1_261' title='bbox 161 2905 188 2952; x_wconf 90' lang='lat' dir='ltr'>v.</span> <span class='ocrx_word' id='word_1_262' title='bbox 216 2893 292 2952; x_wconf 86' lang='lat'>102:</span> <span class='ocrx_word' id='word_1_263' title='bbox 316 2891 434 2964; x_wconf 88' lang='lat' dir='ltr'>Hospes</span> <span class='ocrx_word' id='word_1_264' title='bbox 457 2887 622 2964; x_wconf 90' lang='lat' dir='ltr'>respondit,</span> <span class='ocrx_word' id='word_1_265' title='bbox 644 2889 796 2962; x_wconf 74' lang='lat' dir='ltr'>Zacyntho</span> <span class='ocrx_word' id='word_1_266' title='bbox 818 2889 890 2949; x_wconf 86' lang='lat' dir='ltr'>ficos</span> <span class='ocrx_word' id='word_1_267' title='bbox 913 2888 980 2948; x_wconf 89' lang='lat' dir='ltr'>fieri</span> <span class='ocrx_word' id='word_1_268' title='bbox 1001 2905 1060 2947; x_wconf 93' lang='lat' dir='ltr'>non</span> <span class='ocrx_word' id='word_1_269' title='bbox 1083 2887 1186 2946; x_wconf 89' lang='lat' dir='ltr'>malas.</span> <span class='ocrx_word' id='word_1_270' title='bbox 1223 2883 1319 2948; x_wconf 84' lang='lat' dir='ltr'>Poen.</span> 
     </span>
     <span class='ocr_line' id='line_1_29' title="bbox 161 2983 1319 3065; baseline -0.003 -19"><span class='ocrx_word' id='word_1_271' title='bbox 161 2985 200 3064; x_wconf 87' lang='lat' dir='ltr'>V,</span> <span class='ocrx_word' id='word_1_272' title='bbox 225 2992 254 3065; x_wconf 92' lang='grc'>2,</span> <span class='ocrx_word' id='word_1_273' title='bbox 279 2989 334 3050; x_wconf 88' lang='lat'>36:</span> <span class='ocrx_word' id='word_1_274' title='bbox 358 2989 534 3047; x_wconf 88' lang='lat' dir='ltr'>Hannonem</span> <span class='ocrx_word' id='word_1_275' title='bbox 557 3004 623 3046; x_wconf 87' lang='lat' dir='ltr'>sesa</span> <span class='ocrx_word' id='word_1_276' title='bbox 648 2988 691 3045; x_wconf 87' lang='lat' dir='ltr'>ait</span> <span class='ocrx_word' id='word_1_277' title='bbox 712 2986 909 3059; x_wconf 73' lang='lat' dir='ltr'>Karthagine.</span> <span class='ocrx_word' id='word_1_278' title='bbox 954 2984 1040 3047; x_wconf 84' lang='lat' dir='ltr'>Asin.</span> <span class='ocrx_word' id='word_1_279' title='bbox 1065 2983 1105 3060; x_wconf 93' lang='lat' dir='ltr'>II,</span> <span class='ocrx_word' id='word_1_280' title='bbox 1128 2989 1158 3056; x_wconf 83' lang='lat'>4,</span> <span class='ocrx_word' id='word_1_281' title='bbox 1182 2987 1240 3046; x_wconf 88' lang='grc'>92;</span> <span class='ocrx_word' id='word_1_282' title='bbox 1263 2985 1319 3042; x_wconf 83' lang='lat' dir='ltr'>Pa-</span> 
     </span>
     <span class='ocr_line' id='line_1_30' title="bbox 162 3080 1319 3162; baseline -0.005 -17"><span class='ocrx_word' id='word_1_283' title='bbox 162 3086 317 3160; x_wconf 87' lang='lat' dir='ltr'>riphanos,</span> <span class='ocrx_word' id='word_1_284' title='bbox 340 3084 446 3144; x_wconf 81' lang='lat' dir='ltr'>Rhodo</span> <span class='ocrx_word' id='word_1_285' title='bbox 468 3090 627 3146; x_wconf 84' lang='lat' dir='ltr'>mercator.</span> <span class='ocrx_word' id='word_1_286' title='bbox 655 3080 770 3146; x_wconf 84' lang='lat' dir='ltr'>Pseud.</span> <span class='ocrx_word' id='word_1_287' title='bbox 785 3081 811 3162; x_wconf 87' lang='lat'>1,</span> <span class='ocrx_word' id='word_1_288' title='bbox 836 3086 864 3160; x_wconf 89' lang='lat'>3,</span> <span class='ocrx_word' id='word_1_289' title='bbox 889 3086 942 3147; x_wconf 87' lang='lat'>36:</span> <span class='ocrx_word' id='word_1_290' title='bbox 966 3084 1053 3143; x_wconf 85' lang='lat' dir='ltr'>Salve</span> <span class='ocrx_word' id='word_1_291' title='bbox 1076 3085 1209 3155; x_wconf 87' lang='lat' dir='ltr'>maltum,</span> <span class='ocrx_word' id='word_1_292' title='bbox 1233 3096 1319 3140; x_wconf 81' lang='lat' dir='ltr'>serva</span> 
     </span>
     <span class='ocr_line' id='line_1_31' title="bbox 159 3183 456 3259; baseline -0.003 -16"><span class='ocrx_word' id='word_1_293' title='bbox 159 3183 290 3244; x_wconf 81' lang='lat' dir='ltr'>Athenis</span> <span class='ocrx_word' id='word_1_294' title='bbox 308 3199 456 3259; x_wconf 88' lang='lat' dir='ltr'>pessume.</span> 
     </span>
    </p>

    <p class='ocr_par' dir='ltr' id='par_1_4' title="bbox 158 3276 1322 4337">
     <span class='ocr_line' id='line_1_32' title="bbox 246 3276 1318 3357; baseline -0.007 -15"><span class='ocrx_word' id='word_1_295' title='bbox 246 3278 344 3342; x_wconf 86' lang='lat' dir='ltr'>Ennii</span> <span class='ocrx_word' id='word_1_296' title='bbox 365 3277 500 3343; x_wconf 89' lang='lat' dir='ltr'>Medeae</span> <span class='ocrx_word' id='word_1_297' title='bbox 523 3278 625 3343; x_wconf 84' lang='lat' dir='ltr'>exulis</span> <span class='ocrx_word' id='word_1_298' title='bbox 647 3276 685 3342; x_wconf 91' lang='lat' dir='ltr'>fr.</span> <span class='ocrx_word' id='word_1_299' title='bbox 711 3285 738 3357; x_wconf 95' lang='grc'>1,</span> <span class='ocrx_word' id='word_1_300' title='bbox 762 3297 791 3342; x_wconf 94' lang='lat' dir='ltr'>v.</span> <span class='ocrx_word' id='word_1_301' title='bbox 816 3281 896 3343; x_wconf 81' lang='lat'>287:</span> <span class='ocrx_word' id='word_1_302' title='bbox 919 3281 995 3340; x_wconf 87' lang='lat' dir='ltr'>Nam</span> <span class='ocrx_word' id='word_1_303' title='bbox 1018 3295 1174 3353; x_wconf 86' lang='lat' dir='ltr'>numquam</span> <span class='ocrx_word' id='word_1_304' title='bbox 1198 3295 1249 3339; x_wconf 86' lang='lat' dir='ltr'>ora</span> <span class='ocrx_word' id='word_1_305' title='bbox 1271 3294 1318 3336; x_wconf 87' lang='lat' dir='ltr'>er·</span> 
     </span>
     <span class='ocr_line' id='line_1_33' title="bbox 160 3372 1318 3453; baseline -0.006 -13"><span class='ocrx_word' id='word_1_306' title='bbox 160 3397 232 3440; x_wconf 88' lang='lat' dir='ltr'>rans</span> <span class='ocrx_word' id='word_1_307' title='bbox 254 3396 321 3437; x_wconf 84' lang='lat' dir='ltr'>meo</span> <span class='ocrx_word' id='word_1_308' title='bbox 342 3379 427 3439; x_wconf 83' lang='lat' dir='ltr'>domo</span> <span class='ocrx_word' id='word_1_309' title='bbox 452 3377 583 3438; x_wconf 82' lang='lat' dir='ltr'>ecferret</span> <span class='ocrx_word' id='word_1_310' title='bbox 605 3379 722 3453; x_wconf 86' lang='lat' dir='ltr'>podem.</span> <span class='ocrx_word' id='word_1_311' title='bbox 766 3373 868 3439; x_wconf 84' lang='lat' dir='ltr'>Plaut.</span> <span class='ocrx_word' id='word_1_312' title='bbox 890 3372 966 3438; x_wconf 82' lang='lat' dir='ltr'>cist.</span> <span class='ocrx_word' id='word_1_313' title='bbox 982 3373 1038 3453; x_wconf 92' lang='lat' dir='ltr'>IV,</span> <span class='ocrx_word' id='word_1_314' title='bbox 1065 3380 1091 3451; x_wconf 95' lang='grc'>1,</span> <span class='ocrx_word' id='word_1_315' title='bbox 1114 3377 1147 3438; x_wconf 85' lang='grc'>6;</span> <span class='ocrx_word' id='word_1_316' title='bbox 1170 3377 1254 3434; x_wconf 88' lang='lat' dir='ltr'>Haec</span> <span class='ocrx_word' id='word_1_317' title='bbox 1277 3375 1318 3434; x_wconf 91' lang='lat' dir='ltr'>ci·</span> 
     </span>
     <span class='ocr_line' id='line_1_34' title="bbox 161 3471 1318 3550; baseline -0.005 -12"><span class='ocrx_word' id='word_1_318' title='bbox 161 3479 252 3538; x_wconf 86' lang='lat' dir='ltr'>stella</span> <span class='ocrx_word' id='word_1_319' title='bbox 275 3495 411 3536; x_wconf 86' lang='lat' dir='ltr'>numnam</span> <span class='ocrx_word' id='word_1_320' title='bbox 434 3478 504 3535; x_wconf 91' lang='lat' dir='ltr'>hine</span> <span class='ocrx_word' id='word_1_321' title='bbox 527 3493 545 3536; x_wconf 94' lang='lat' dir='ltr'>a</span> <span class='ocrx_word' id='word_1_322' title='bbox 566 3477 649 3536; x_wconf 90' lang='lat' dir='ltr'>nobis</span> <span class='ocrx_word' id='word_1_323' title='bbox 672 3475 804 3534; x_wconf 78' lang='lat' dir='ltr'>demost?</span> <span class='ocrx_word' id='word_1_324' title='bbox 846 3471 945 3537; x_wconf 81' lang='lat' dir='ltr'>Mero.</span> <span class='ocrx_word' id='word_1_325' title='bbox 968 3471 993 3550; x_wconf 93' lang='lat' dir='ltr'>l,</span> <span class='ocrx_word' id='word_1_326' title='bbox 1021 3478 1048 3550; x_wconf 94' lang='lat' dir='ltr'>l,</span> <span class='ocrx_word' id='word_1_327' title='bbox 1073 3476 1128 3536; x_wconf 76' lang='lat'>12:</span> <span class='ocrx_word' id='word_1_328' title='bbox 1163 3474 1318 3533; x_wconf 87' lang='lat' dir='ltr'>Biennium</span> 
     </span>
     <span class='ocr_line' id='line_1_35' title="bbox 159 3565 1319 3649; baseline -0.004 -15"><span class='ocrx_word' id='word_1_329' title='bbox 159 3576 218 3634; x_wconf 85' lang='lat' dir='ltr'>iarn</span> <span class='ocrx_word' id='word_1_330' title='bbox 242 3572 392 3646; x_wconf 77' lang='lat' dir='ltr'>factumst,</span> <span class='ocrx_word' id='word_1_331' title='bbox 419 3583 576 3649; x_wconf 88' lang='lat' dir='ltr'>postquam</span> <span class='ocrx_word' id='word_1_332' title='bbox 598 3575 658 3633; x_wconf 89' lang='lat' dir='ltr'>abii</span> <span class='ocrx_word' id='word_1_333' title='bbox 678 3573 773 3634; x_wconf 82' lang='lat' dir='ltr'>domo.</span> <span class='ocrx_word' id='word_1_334' title='bbox 817 3569 912 3634; x_wconf 90' lang='lat' dir='ltr'>Poen.</span> <span class='ocrx_word' id='word_1_335' title='bbox 937 3588 978 3635; x_wconf 86' lang='lat' dir='ltr'>so.</span> <span class='ocrx_word' id='word_1_336' title='bbox 1002 3569 1059 3634; x_wconf 87' lang='lat' dir='ltr'>ult.</span> <span class='ocrx_word' id='word_1_337' title='bbox 1083 3587 1111 3634; x_wconf 81' lang='lat' dir='ltr'>v,</span> <span class='ocrx_word' id='word_1_338' title='bbox 1135 3576 1164 3633; x_wconf 88' lang='grc'>4.</span> <span class='ocrx_word' id='word_1_339' title='bbox 1204 3565 1319 3630; x_wconf 88' lang='lat' dir='ltr'>Bacch.</span> 
     </span>
     <span class='ocr_line' id='line_1_36' title="bbox 159 3667 1320 3749; baseline -0.006 -17"><span class='ocrx_word' id='word_1_340' title='bbox 159 3668 214 3749; x_wconf 93' lang='lat' dir='ltr'>IV,</span> <span class='ocrx_word' id='word_1_341' title='bbox 239 3675 270 3748; x_wconf 89' lang='grc'>4,</span> <span class='ocrx_word' id='word_1_342' title='bbox 294 3674 326 3733; x_wconf 86' lang='grc'>9;</span> <span class='ocrx_word' id='word_1_343' title='bbox 350 3679 382 3732; x_wconf 91' lang='lat' dir='ltr'>ut</span> <span class='ocrx_word' id='word_1_344' title='bbox 403 3673 487 3732; x_wconf 85' lang='lat' dir='ltr'>domo</span> <span class='ocrx_word' id='word_1_345' title='bbox 510 3679 650 3733; x_wconf 86' lang='lat' dir='ltr'>sumeret.</span> <span class='ocrx_word' id='word_1_346' title='bbox 697 3667 794 3732; x_wconf 85' lang='lat' dir='ltr'>Stich.</span> <span class='ocrx_word' id='word_1_347' title='bbox 818 3687 845 3732; x_wconf 89' lang='lat' dir='ltr'>v.</span> <span class='ocrx_word' id='word_1_348' title='bbox 863 3672 917 3733; x_wconf 85' lang='lat'>29:</span> <span class='ocrx_word' id='word_1_349' title='bbox 940 3672 1016 3729; x_wconf 88' lang='lat' dir='ltr'>Nam</span> <span class='ocrx_word' id='word_1_350' title='bbox 1039 3671 1095 3731; x_wconf 87' lang='lat' dir='ltr'>viri</span> <span class='ocrx_word' id='word_1_351' title='bbox 1118 3672 1215 3730; x_wconf 87' lang='lat' dir='ltr'>nostri</span> <span class='ocrx_word' id='word_1_352' title='bbox 1236 3668 1320 3726; x_wconf 83' lang='lat' dir='ltr'>domo</span> 
     </span>
     <span class='ocr_line' id='line_1_37' title="bbox 160 3764 1320 3844; baseline -0.005 -15"><span class='ocrx_word' id='word_1_353' title='bbox 160 3779 193 3829; x_wconf 89' lang='lat' dir='ltr'>ut</span> <span class='ocrx_word' id='word_1_354' title='bbox 217 3771 364 3830; x_wconf 86' lang='lat' dir='ltr'>abierunt.</span> <span class='ocrx_word' id='word_1_355' title='bbox 404 3787 432 3831; x_wconf 88' lang='lat' dir='ltr'>v.</span> <span class='ocrx_word' id='word_1_356' title='bbox 450 3772 526 3834; x_wconf 78' lang='lat'>523:</span> <span class='ocrx_word' id='word_1_357' title='bbox 550 3773 575 3831; x_wconf 92' lang='lat' dir='ltr'>si</span> <span class='ocrx_word' id='word_1_358' title='bbox 598 3771 648 3830; x_wconf 92' lang='lat' dir='ltr'>din</span> <span class='ocrx_word' id='word_1_359' title='bbox 670 3767 781 3827; x_wconf 86' lang='lat' dir='ltr'>afueris</span> <span class='ocrx_word' id='word_1_360' title='bbox 802 3767 895 3828; x_wconf 82' lang='lat' dir='ltr'>doma.</span> <span class='ocrx_word' id='word_1_361' title='bbox 935 3765 1032 3830; x_wconf 82' lang='lat' dir='ltr'>Stich.</span> <span class='ocrx_word' id='word_1_362' title='bbox 1048 3764 1087 3844; x_wconf 92' lang='lat' dir='ltr'>V,</span> <span class='ocrx_word' id='word_1_363' title='bbox 1112 3769 1140 3841; x_wconf 88' lang='lat'>3,</span> <span class='ocrx_word' id='word_1_364' title='bbox 1167 3769 1199 3828; x_wconf 90' lang='lat'>3:</span> <span class='ocrx_word' id='word_1_365' title='bbox 1222 3766 1320 3824; x_wconf 87' lang='lat' dir='ltr'>Domo</span> 
     </span>
     <span class='ocr_line' id='line_1_38' title="bbox 160 3860 1320 3941; baseline -0.003 -13"><span class='ocrx_word' id='word_1_366' title='bbox 160 3867 271 3928; x_wconf 89' lang='lat' dir='ltr'>dudum</span> <span class='ocrx_word' id='word_1_367' title='bbox 294 3869 351 3927; x_wconf 88' lang='lat' dir='ltr'>bac</span> <span class='ocrx_word' id='word_1_368' title='bbox 375 3871 521 3930; x_wconf 88' lang='lat' dir='ltr'>arcessita</span> <span class='ocrx_word' id='word_1_369' title='bbox 544 3885 617 3928; x_wconf 89' lang='lat' dir='ltr'>snm.</span> <span class='ocrx_word' id='word_1_370' title='bbox 655 3863 769 3929; x_wconf 87' lang='lat' dir='ltr'>Pseud.</span> <span class='ocrx_word' id='word_1_371' title='bbox 785 3862 811 3941; x_wconf 96' lang='grc' dir='ltr'>Ι,</span> <span class='ocrx_word' id='word_1_372' title='bbox 836 3868 865 3941; x_wconf 90' lang='lat'>3,</span> <span class='ocrx_word' id='word_1_373' title='bbox 892 3867 961 3927; x_wconf 93' lang='grc'>121.</span> <span class='ocrx_word' id='word_1_374' title='bbox 998 3862 1109 3927; x_wconf 81' lang='lat' dir='ltr'>Milv.</span> <span class='ocrx_word' id='word_1_375' title='bbox 1127 3865 1196 3926; x_wconf 85' lang='grc'>376.</span> <span class='ocrx_word' id='word_1_376' title='bbox 1235 3860 1320 3925; x_wconf 92' lang='lat' dir='ltr'>Men.</span> 
     </span>
     <span class='ocr_line' id='line_1_39' title="bbox 158 3962 1320 4044; baseline -0.004 -16"><span class='ocrx_word' id='word_1_377' title='bbox 158 3963 215 4044; x_wconf 90' lang='lat' dir='ltr'>IV,</span> <span class='ocrx_word' id='word_1_378' title='bbox 242 3967 329 4042; x_wconf 82' lang='lat'>1,6:</span> <span class='ocrx_word' id='word_1_379' title='bbox 364 3967 477 4026; x_wconf 88' lang='lat' dir='ltr'>Pallam</span> <span class='ocrx_word' id='word_1_380' title='bbox 505 3998 549 4010; x_wconf 90' lang='lat'>-</span> <span class='ocrx_word' id='word_1_381' title='bbox 579 3965 665 4026; x_wconf 87' lang='lat' dir='ltr'>hodie</span> <span class='ocrx_word' id='word_1_382' title='bbox 693 3965 747 4024; x_wconf 88' lang='lat' dir='ltr'>tibi</span> <span class='ocrx_word' id='word_1_383' title='bbox 780 3979 867 4039; x_wconf 87' lang='lat' dir='ltr'>qnam</span> <span class='ocrx_word' id='word_1_384' title='bbox 891 3965 1044 4037; x_wconf 85' lang='lat' dir='ltr'>surrupuit</span> <span class='ocrx_word' id='word_1_385' title='bbox 1073 3963 1165 4024; x_wconf 75' lang='grc' dir='ltr'><em>ᾱοηιο.</em></span> <span class='ocrx_word' id='word_1_386' title='bbox 1211 3965 1239 4035; x_wconf 85' lang='grc'>2,</span> <span class='ocrx_word' id='word_1_387' title='bbox 1263 3962 1320 4023; x_wconf 84' lang='grc'>82;</span> 
     </span>
     <span class='ocr_line' id='line_1_40' title="bbox 159 4059 1320 4138; baseline -0.007 -14"><span class='ocrx_word' id='word_1_388' title='bbox 159 4065 244 4124; x_wconf 89' lang='lat' dir='ltr'>Palla</span> <span class='ocrx_word' id='word_1_389' title='bbox 268 4066 368 4123; x_wconf 88' lang='lat' dir='ltr'>mihist</span> <span class='ocrx_word' id='word_1_390' title='bbox 391 4065 475 4124; x_wconf 88' lang='lat' dir='ltr'>domo</span> <span class='ocrx_word' id='word_1_391' title='bbox 498 4071 647 4138; x_wconf 85' lang='lat' dir='ltr'>surrupta.</span> <span class='ocrx_word' id='word_1_392' title='bbox 692 4079 721 4124; x_wconf 89' lang='lat' dir='ltr'>v.</span> <span class='ocrx_word' id='word_1_393' title='bbox 746 4063 801 4123; x_wconf 83' lang='lat'>85:</span> <span class='ocrx_word' id='word_1_394' title='bbox 832 4062 932 4133; x_wconf 90' lang='lat' dir='ltr'>Palla,</span> <span class='ocrx_word' id='word_1_395' title='bbox 955 4063 1089 4135; x_wconf 88' lang='lat' dir='ltr'>inquam,</span> <span class='ocrx_word' id='word_1_396' title='bbox 1114 4060 1205 4134; x_wconf 87' lang='lat' dir='ltr'>periit</span> <span class='ocrx_word' id='word_1_397' title='bbox 1226 4059 1320 4117; x_wconf 83' lang='lat' dir='ltr'>domo.</span> 
     </span>
     <span class='ocr_line' id='line_1_41' title="bbox 158 4156 1322 4237; baseline -0.009 -15"><span class='ocrx_word' id='word_1_398' title='bbox 158 4177 187 4223; x_wconf 89' lang='lat' dir='ltr'>v.</span> <span class='ocrx_word' id='word_1_399' title='bbox 213 4165 287 4223; x_wconf 85' lang='lat'>101:</span> <span class='ocrx_word' id='word_1_400' title='bbox 311 4164 429 4237; x_wconf 86' lang='lat' dir='ltr'>quando</span> <span class='ocrx_word' id='word_1_401' title='bbox 452 4164 521 4237; x_wconf 89' lang='lat' dir='ltr'>quid</span> <span class='ocrx_word' id='word_1_402' title='bbox 544 4161 600 4221; x_wconf 87' lang='lat' dir='ltr'>tibi</span> <span class='ocrx_word' id='word_1_403' title='bbox 622 4162 680 4220; x_wconf 88' lang='lat' dir='ltr'>erit</span> <span class='ocrx_word' id='word_1_404' title='bbox 704 4167 873 4233; x_wconf 89' lang='lat' dir='ltr'>surruptum</span> <span class='ocrx_word' id='word_1_405' title='bbox 895 4159 987 4218; x_wconf 83' lang='lat' dir='ltr'>domo.</span> <span class='ocrx_word' id='word_1_406' title='bbox 1032 4156 1070 4234; x_wconf 94' lang='lat' dir='ltr'>V,</span> <span class='ocrx_word' id='word_1_407' title='bbox 1098 4161 1124 4234; x_wconf 91' lang='lat' dir='ltr'>l,</span> <span class='ocrx_word' id='word_1_408' title='bbox 1147 4158 1201 4218; x_wconf 80' lang='lat'>29:</span> <span class='ocrx_word' id='word_1_409' title='bbox 1224 4157 1322 4214; x_wconf 84' lang='lat' dir='ltr'>Domo</span> 
     </span>
     <span class='ocr_line' id='line_1_42' title="bbox 160 4251 1320 4337; baseline -0.014 -15"><span class='ocrx_word' id='word_1_410' title='bbox 160 4263 303 4337; x_wconf 87' lang='lat' dir='ltr'>suppilas.</span> <span class='ocrx_word' id='word_1_411' title='bbox 349 4255 462 4337; x_wconf 82' lang='lat' dir='ltr'>Amph.</span> <span class='ocrx_word' id='word_1_412' title='bbox 487 4255 529 4336; x_wconf 92' lang='grc' dir='ltr'>ΙΙ,</span> <span class='ocrx_word' id='word_1_413' title='bbox 553 4260 582 4334; x_wconf 89' lang='grc'>2,</span> <span class='ocrx_word' id='word_1_414' title='bbox 606 4261 639 4320; x_wconf 90' lang='lat'>6:</span> <span class='ocrx_word' id='word_1_415' title='bbox 673 4260 748 4317; x_wconf 85' lang='lat' dir='ltr'>Nam</span> <span class='ocrx_word' id='word_1_416' title='bbox 773 4273 827 4333; x_wconf 90' lang='lat' dir='ltr'>ego</span> <span class='ocrx_word' id='word_1_417' title='bbox 850 4257 879 4316; x_wconf 89' lang='lat' dir='ltr'>id</span> <span class='ocrx_word' id='word_1_418' title='bbox 903 4274 980 4315; x_wconf 89' lang='lat' dir='ltr'>nanc</span> <span class='ocrx_word' id='word_1_419' title='bbox 1003 4257 1143 4330; x_wconf 82' lang='lat' dir='ltr'>experior</span> <span class='ocrx_word' id='word_1_420' title='bbox 1165 4254 1248 4311; x_wconf 72' lang='lat' dir='ltr'>dom</span> <span class='ocrx_word' id='word_1_421' title='bbox 1278 4251 1320 4326; x_wconf 79' lang='lat' dir='ltr'>(v.</span> 
     </span>
    </p>
   </div>
   <div class='ocr_carea' id='block_1_4' title="bbox 0 0 1524 4758">
    <p class='ocr_par' dir='ltr' id='par_1_5' title="bbox 0 0 1524 4758">
     <span class='ocr_line' id='line_1_43' title="bbox 0 0 1524 4758; baseline 0 1"><span class='ocrx_word' id='word_1_422' title='bbox 0 0 1524 4758; x_wconf 95' lang='lat' dir='ltr'> </span> 
     </span>
    </p>
   </div>
  </div>
 </body>
</html>
