3070 4758
234 272 295 334 322
660 267 817 310 emoriar.
838 269 900 312 oar.
915 269 955 310 m.

233 443 303 506 ctae
325 441 436 520 aperte
459 441 647 523 conspicuae
671 447 754 509 sunt.
800 443 859 510 iiic
883 441 1057 525 genitivus,
1087 459 1180 522 quem
1203 441 1386 521 posteriore

232 531 302 602 ioco
323 537 564 619 nominavimus,
585 541 681 622 vulgo
703 539 733 606 is
752 541 900 619 habetor,
924 541 977 619 qui
999 543 1147 606 naturam
1163 538 1257 604 huius
1273 537 1386 604 classis

232 635 448 716 genitivorum
470 637 604 703 maxime
627 639 797 704 contineat.
829 637 950 715 Quibus
972 638 1133 717 proximus
1156 637 1259 701 estin
1281 637 1386 700 altero

232 748 349 814 genere
372 732 531 814 genitivus
553 752 723 815 personae,
761 755 824 816 qua
852 735 971 817 gradus
992 734 1254 814 propinquitatis,
1289 751 1384 814 quem

229 831 318 895 notio
341 828 519 897 definienda
542 835 704 914 exprimit,
742 831 893 899 definitur
914 833 1055 911 demum,
1089 833 1140 896 cui
1167 833 1283 897 rationi
1312 825 1386 894 ἄνᾶ-

228 921 318 1002 aaa
345 933 396 993 est
424 929 457 993 in
483 929 586 994 altero
615 949 734 1012 genere
762 933 846 995 ratio
868 931 1117 1012 propinquitatis
1138 948 1264 994 morum
1286 929 1385 994 animi

227 1024 418 1107 ingeniique,
434 1031 472 1091 ut
481 1027 514 1092 in
527 1032 647 1100 amicas,
662 1031 834 1106 familiaris,
851 1029 891 1095 ai.
904 1029 953 1093 Ex
965 1028 1024 1094 hoc
1038 1047 1154 1109 genere
1166 1028 1297 1110 genitivi
1309 1045 1382 1107 pro·

227 1121 331 1188 iactae
340 1129 415 1188 sunt
427 1125 522 1189 etiam
533 1125 719 1202 locutiones
734 1127 845 1208 quales
856 1129 1135 1206 summersam,
1147 1130 1240 1187 anima·
1246 1129 1381 1200 pendae.

315 1221 366 1286 De
386 1221 446 1287 hoc
468 1227 537 1287 toto
563 1241 680 1304 genere
710 1226 890 1305 notionum,
918 1224 1087 1302 inquibus
1121 1243 1160 1286 ea
1186 1225 1268 1288 ratio
1291 1226 1382 1301 inest,

228 1335 292 1398 qua
313 1320 474 1401 pertinere
501 1322 622 1401 aliquid
644 1323 685 1387 ad
708 1323 794 1387 aliud
817 1323 947 1401 dicitur,
979 1320 1157 1385 addendum
1181 1329 1245 1398 est,
1274 1322 1301 1385 si
1322 1339 1380 1384 no-

227 1415 324 1481 tionis
352 1415 547 1484 definiendae
575 1437 650 1500 pars
678 1425 729 1485 est
755 1421 894 1486 verbalis
922 1421 1079 1484 actionem
1114 1417 1163 1482 vel
1190 1423 1308 1482 statum
1339 1419 1382 1481 si·

231 1512 393 1596 gnificanS,
415 1535 541 1598 semper
563 1535 622 1599 per
644 1518 795 1599 verbum,
819 1519 903 1599 quod
925 1519 971 1582 illi
994 1515 1116 1581 verbali
1139 1516 1224 1594 parti
1246 1533 1379 1594 respon·

227 1613 292 1693 det,
315 1613 568 1681 enunciationem
591 1615 728 1681 activam
748 1614 880 1681 formari
902 1635 1005 1698 posse,
1030 1617 1121 1678 cuius
1145 1613 1324 1678 subiectum
1340 1615 1383 1678 sit

224 1710 305 1788 illud
326 1730 450 1793 nomen,
472 1714 557 1794 quod
580 1721 676 1779 antea
698 1715 730 1778 in
746 1715 886 1794 genitivo
910 1716 1047 1794 positum
1072 1717 1149 1775 erat.
1176 1711 1382 1794 Quapropter

224 1807 276 1873 hio
298 1827 391 1875 casus
418 1810 468 1876 his
491 1813 636 1877 omnibus
663 1811 697 1876 in
720 1811 888 1891 exemplis,
923 1817 959 1874 nt
987 1816 1097 1874 notum
1126 1813 1193 1886 est,
1222 1806 1381 1887 genitivus

224 1909 401 1970 soabiectr'ouo
423 1908 611 1989 appellatur.

311 2003 422 2069 Altera
443 2005 545 2070 forma
567 2006 699 2087 genitivi
723 2024 761 2070 ea
776 2009 855 2084 erat,
878 2022 940 2085 qua
962 2008 1110 2083 utsupra
1126 2003 1380 2067 demonstratum

227 2103 287 2180 est,
309 2101 342 2166 id
365 2099 535 2182 signifieat,
565 2105 649 2182 quod
672 2104 705 2167 in
732 2104 860 2166 notione
883 2103 1030 2183 apposita
1056 2105 1138 2162 inest.
1184 2101 1292 2164 Etiam
1318 2101 1378 2176 hic,

227 2197 321 2262 simili
344 2203 441 2278 atque
461 2207 556 2264 antea
577 2203 701 2265 ratione
724 2219 820 2264 unum
851 2217 949 2281 genus
976 2198 1119 2262 efficiunt
1150 2215 1188 2264 ea
1215 2216 1296 2279 quae
1322 2216 1378 2262 na-

225 2298 300 2361 tura
321 2296 406 2377 data,
429 2298 566 2363 alterum
589 2317 636 2379 ea,
660 2317 741 2380 quae
762 2299 865 2378 magis
881 2316 919 2361 ex
931 2297 1063 2361 arbitrio
1087 2307 1119 2362 eo
1141 2297 1304 2362 volontate
1321 2313 1377 2360 no-

222 2395 290 2458 stra
319 2395 424 2475 posita
452 2402 540 2476 sunt3
566 2397 750 2478 principalis
779 2402 884 2460 tamen
916 2394 1027 2458 divisio
1051 2396 1166 2460 iterum
1192 2394 1249 2459 dat
1270 2413 1381 2460 secun-

224 2489 300 2555 dum
324 2497 631 2573 praeponderantem
654 2496 865 2574 quantitatem
888 2491 940 2556 val
963 2491 1160 2572 qualitatem.

310 2590 360 2653 Ad
382 2592 522 2671 priorem
549 2592 665 2656 seriem
693 2592 744 2656 hic
771 2598 897 2672 spectat
922 2591 950 2654 is
978 2591 1137 2672 genitivus
1165 2592 1219 2672 qui
1246 2592 1381 2655 maxime

222 2685 320 2753 huius
343 2689 442 2753 totius
464 2686 585 2752 formae
609 2691 747 2769 speciem
770 2690 919 2763 continet,
943 2689 1104 2768 genitivus
1119 2693 1304 2768 quantitatis,
1326 2689 1380 2769 qui

221 2785 352 2866 proprie
380 2781 510 2866 dicitur,
545 2788 635 2852 cuius
663 2787 807 2868 singulae
834 2785 957 2866 species
985 2791 1060 2849 sunt
1090 2790 1188 2866 genit.
1215 2807 1381 2865 messurae,

216 2887 321 2964 pretii,
344 2884 437 2949 aliae.
480 2883 587 2948 Etiam
617 2885 774 2965 genitivus
801 2886 945 2946 materiae
970 2884 1077 2962 potius
1106 2886 1147 2948 ad
1174 2886 1255 2950 hanc
1282 2905 1378 2966 quam

221 2980 262 3044 ad
291 2981 487 3062 superiorem
520 2981 654 3046 formam
687 2983 814 3046 videtur
850 2989 1004 3061 spectare.
1055 2982 1181 3062 Ubique
1211 2985 1377 3064 praevalet

223 3095 261 3144 ea
283 3077 449 3160 cogitatio,
477 3079 639 3144 notionem
662 3079 871 3145 definiendam
895 3077 1068 3144 consistere
1093 3081 1125 3144 in
1147 3081 1264 3158 altera,
1295 3098 1376 3161 quae

218 3175 252 3241 id
276 3177 434 3256 exprimit,
457 3177 542 3257 quod
563 3179 597 3242 in
611 3177 667 3242 illa
687 3179 780 3256 inest,
803 3177 862 3240 hac
885 3175 985 3256 igitur
1006 3175 1092 3242 iliius
1115 3180 1374 3259 magnitudinem,

219 3274 363 3355 copiam,
390 3275 547 3354 pretium,
575 3293 756 3341 mensuram
785 3271 908 3341 definiri
931 3279 965 3336 et
987 3275 1146 3339 constitui.
1193 3275 1263 3353 Qua
1285 3278 1318 3341 in
1340 3295 1376 3340 re

217 3369 296 3450 hoc,
319 3370 404 3450 quod
426 3371 459 3435 in
480 3373 588 3452 priore
611 3373 738 3438 notione
759 3374 859 3451 inest,
889 3371 982 3437 modo
1006 3390 1077 3436 cnm
1099 3378 1216 3438 natura
1236 3367 1374 3438 notionis

221 3473 292 3534 arte
315 3469 517 3534 coniunctum
539 3476 603 3549 est,
640 3471 732 3536 modo
762 3472 791 3535 ei
814 3469 970 3534 tributum
1004 3469 1140 3533 demum.
1185 3471 1374 3536 Addendum

218 3571 286 3647 cst,
317 3568 351 3632 in
372 3567 563 3648 praedicatis
586 3587 753 3634 mensurae
778 3575 811 3632 et
833 3568 928 3647 pretii
947 3568 1085 3647 genitivo
1109 3568 1225 3634 additis
1247 3589 1373 3650 semper

216 3665 378 3730 notionem
400 3665 589 3733 adiectivam
612 3665 738 3731 efficere
761 3673 886 3745 partem
918 3665 1116 3743 primariam,
1144 3668 1227 3746 quod
1256 3665 1375 3748 signifi-

218 3767 358 3834 cationes
373 3767 538 3831 notionum
552 3781 731 3843 mensurae,
755 3770 791 3828 ut
811 3763 943 3837 pardus,
959 3765 1092 3838 pretium
1105 3781 1166 3842 per
1179 3783 1213 3828 se
1229 3767 1317 3846 ipsae
1340 3771 1373 3828 et

219 3867 306 3931 solae
327 3883 390 3930 non
414 3869 489 3930 sunt
511 3863 645 3928 idoneae
673 3862 712 3926 ad
741 3861 774 3926 id
802 3859 885 3941 quod
918 3860 952 3921 in
973 3859 1101 3926 notione
1127 3861 1212 3927 inest
1239 3859 1371 3944 ampliti-

220 3963 356 4030 candum
378 3964 543 4043 ipsamque
562 3959 724 4036 notionem
749 3957 967 4024 definiendam.
1006 3957 1126 4022 Contra
1148 3961 1193 4042 iit,
1216 3969 1253 4026 ut
1275 3977 1369 4041 saepe

218 4059 466 4143 significationes
488 4058 561 4124 illae
583 4058 679 4138 pretii
710 4057 886 4122 adjectivae
917 4058 1003 4123 solae
1029 4067 1202 4140 ponantur,
1232 4064 1269 4124 ut
1297 4076 1369 4124 eon·

218 4159 320 4225 iuneti
342 4177 412 4223 cum
436 4156 543 4222 verbis
565 4157 693 4224 cesamo,
715 4157 801 4229 socio,
823 4157 954 4236 genitivi
975 4161 1204 4234 incantantum
1226 4160 1300 4222 cett.

302 4256 352 4322 Ad
378 4256 512 4321 alteram
539 4254 654 4318 seriem
680 4258 825 4333 spectant
854 4253 958 4318 omnia
990 4271 1028 4318 ea
1065 4255 1221 4336 exempla,
1256 4253 1370 4334 quibus
1442 4343 1446 4350 Ι
1505 4239 1506 4280 i
