3064 4754
482 261 570 302 GASUS
586 261 855 303 euesuffldtvosutt.
869 281 894 294 -
908 261 1047 304 AOOUSA'I'.
1279 270 1341 329 215

189 441 336 496 tractatus
364 453 422 510 per
449 453 581 510 aequora
606 437 712 511 compi.
756 433 776 498 Ι.
799 433 837 513 V,
867 432 905 500 ir.
931 441 950 499 7
957 449 964 494 :
999 437 1086 512 Quod
1109 451 1167 511 ptr
1193 441 1347 496 amoenum

189 531 293 596 orbem
316 535 377 592 leni
401 534 470 595 fluit
491 536 608 608 agmina
634 533 753 596 flumen.
797 533 816 595 l.
841 532 897 613 VI,
920 531 959 598 ir.
978 538 1031 598 11:
1055 533 1201 596 Incedunt
1223 535 1347 594 arietata

185 648 241 705 par
263 630 334 691 otta.
368 628 388 692 l.
404 627 461 707 XI,
484 626 521 691 fr.
539 634 573 692 7:
594 647 651 706 per
673 639 789 707 pectus.
824 631 936 696 Annal.
951 631 1010 696 inc.
1027 629 1092 695 sed.
1107 627 1219 710 fragm.
1235 633 1268 693 5:
1291 647 1347 707 per

189 735 298 788 terras.
342 724 380 790 fr.
405 729 460 790 27:
483 729 610 789 Labitur
632 733 723 789 uncta
750 731 854 792 carina
884 745 942 804 per
964 746 1096 804 aequora
1121 734 1197 790 oona
1225 727 1346 788 calocio.

188 821 225 887 fr.
241 828 291 895 51,
314 843 343 889 v.
359 828 434 888 505:
459 827 534 886 Fert
549 841 615 886 aeae
633 829 731 903 campi
747 844 803 902 ¹par
817 827 940 889 comato
954 829 1089 903 motoque
1104 830 1207 901 proto.
1237 822 1275 888 ir.
1292 826 1348 886 st:

188 924 305 1000 Perque
339 923 443 995 fabam
464 930 574 997 repunt
600 923 732 1002 (grues).
777 920 814 987 ir.
844 928 921 988 131:
954 943 1010 1001 per
1032 929 1133 986 altum.
1178 919 1351 986 Ambracia

189 1017 226 1083 fr.
250 1025 281 1083 1:
298 1039 357 1096 per
376 1025 475 1094 ponas
498 1038 564 1081 asse
589 1023 709 1082 eluebat
730 1024 859 1082 omnium
884 1024 1076 1084 miserrimus.
1100 1019 1294 1101 Epigramm.
1321 1022 1348 1098 1,

189 1135 218 1181 v.
242 1123 276 1180 4:
313 1118 392 1179 Gur?
424 1119 516 1179 volito
538 1121 621 1178 vivus
637 1135 696 1192 per
725 1136 780 1178 oro
802 1121 905 1182 virum.
951 1117 1125 1182 Euhemeri
1152 1117 1190 1182 ir.
1216 1121 1265 1194 ll,
1292 1118 1347 1180 62:

182 1233 241 1290 per
264 1217 362 1274 ortem
384 1221 497 1276 terrae.
541 1213 665 1278 Ennius
688 1215 790 1280 annai.
814 1213 833 1279 l.
857 1216 882 1292 Ι,
907 1214 945 1280 fr.
969 1221 1004 1279 4:
1040 1218 1134 1278 Latos
1150 1233 1208 1292 par
1224 1213 1349 1290 populos

190 1317 344 1388 terrasque
368 1319 508 1386 poemata
531 1319 634 1374 nostra
657 1315 747 1375 Clara
770 1317 920 1377 eluebant.
951 1311 990 1377 fr.
1009 1317 1064 1376 19:
1088 1314 1267 1374 Tramanavit
1288 1314 1350 1373 cita

187 1428 243 1484 per
267 1415 383 1470 teneras
405 1411 541 1486 caliginis
564 1427 666 1472 aoros.
711 1410 825 1474 Annal.
848 1408 887 1475 ir.
911 1411 970 1477 inc.
996 1410 1094 1475 sedis:
1128 1429 1185 1487 per
1212 1411 1347 1471 aethera.

188 1505 293 1571 Plaut.
315 1506 403 1570 Pers.
423 1504 478 1585 IV,
503 1510 532 1584 5,
557 1510 575 1569 6
599 1510 632 1570 et
654 1506 749 1572 Most.
773 1507 810 1586 V,
837 1512 864 1588 1,
887 1514 922 1573 4:
945 1527 1001 1585 per
1025 1511 1223 1585 angiportum.
1259 1505 1348 1570 Pers.

189 1602 232 1682 ΙΙ,
256 1608 286 1682 2,
313 1608 364 1667 17:
398 1621 455 1680 per
486 1607 605 1667 ciream.
650 1606 738 1668 Para.
760 1604 815 1683 IV,
840 1609 910 1684 5,7
943 1610 977 1670 et
1004 1605 1103 1670 Mero.
1126 1603 1164 1680 V,
1187 1609 1217 1682 4,
1246 1607 1287 1667 43
1316 1606 1350 1666 et

188 1699 278 1764 Pers.
303 1699 361 1769 ΙΙΙ,
384 1705 413 1778 3,
436 1705 491 1764 41:
514 1719 570 1777 por
593 1706 720 1763 hortum.
766 1700 863 1766 stioh.
880 1702 940 1781 ΙΙΙ,
967 1708 993 1784 1,
1019 1708 1072 1768 33:
1091 1721 1149 1778 por
1171 1704 1289 1764 tortam
1310 1700 1350 1762 ati

190 1801 315 1858 amicam
339 1801 473 1862 transibo
496 1817 601 1860 meam.
647 1797 744 1863 Mero.
761 1817 790 1862 v.
808 1803 883 1864 371:
906 1805 966 1864 Per
981 1819 1071 1863 mare.
1117 1798 1212 1863 Most.
1228 1817 1258 1862 v.
1271 1801 1349 1862 931:

190 1913 246 1971 per
266 1899 424 1971 posticum.
469 1893 567 1960 More.
590 1913 619 1958 v.
647 1901 720 1960 175:
744 1917 799 1973 per
820 1902 932 1960 urbem.
977 1897 1077 1962 Mero.
1099 1896 1143 1975 ΙΙ,
1168 1901 1197 1975 3,
1220 1899 1277 1958 71:
1303 1897 1349 1955 in-

191 1995 279 2053 cedat
301 2012 359 2068 per
384 1995 459 2055 otoo.
503 1992 599 2057 Marc.
625 1992 661 2072 V,
689 2000 720 2072 4,
743 1998 784 2058 46
814 2002 848 2058 et
875 1995 971 2060 Most.
994 1994 1019 2074 I,
1046 1999 1073 2073 1,
1099 1999 1155 2059 53:
1189 2011 1245 2070 per
1276 1995 1339 2058 rias

191 2088 282 2153 Truo.
297 2089 322 2168 1,
341 2095 369 2168 2,
386 2093 441 2152 85:
464 2091 523 2152 Per
539 2096 649 2165 tempos
665 2093 854 2167 subvenistis,
878 2090 909 2156 h.
927 2110 953 2157 e.
977 2097 1166 2172 opportune,
1189 2105 1223 2172 511
1245 2087 1350 2168 tottttot

190 2183 272 2268 got,
295 2187 367 2250 vide
389 2185 548 2252 Boxhorn.
573 2187 612 2250 ad
636 2186 706 2252 Ouo.
727 2188 769 2258 ΙΙ,
795 2195 821 2268 l,
848 2193 896 2253 16.
942 2187 1058 2255 Gaeoih
1075 2188 1155 2253 Stat.
1179 2186 1288 2251 Titthe
1310 2184 1349 2250 fr.

192 2290 228 2348 3:
252 2287 310 2346 Per
324 2288 466 2360 mysterio
481 2288 529 2345 hio
545 2288 703 2348 inhoneste
723 2289 879 2348 honestam
895 2290 1059 2363 gravidavit
1079 2289 1198 2362 probro.
1221 2284 1348 2348 Terent.

189 2381 269 2446 Hes.
294 2383 347 2462 IV,
372 2389 400 2462 3,
427 2386 483 2445 16:
520 2385 578 2444 Sed
608 2385 692 2446 video
714 2385 892 2460 Phidippum
914 2387 1018 2463 agredi
1034 2401 1092 2458 per
1113 2389 1238 2457 orooro,
1264 2379 1296 2444 h.
1320 2397 1348 2444 e.

190 2483 337 2560 tempore
360 2484 550 2560 opportuno.

275 2579 361 2640 Pone.
401 2575 480 2642 Cato
495 2578 533 2642 R.
552 2578 586 2641 R.
603 2595 629 2642 a.
649 2583 704 2643 18:
729 2583 779 2656 qui
798 2599 874 2655 poor
898 2583 1019 2640 arbores
1041 2586 1096 2640 ast.
1134 2576 1237 2642 Plaut.
1254 2575 1347 2642 Oura.

188 2673 243 2752 IV,
268 2679 296 2754 2,
322 2679 355 2738 1:
390 2695 448 2737 nou
472 2695 548 2752 queo
571 2678 649 2752 quod
667 2695 744 2751 pone
765 2687 839 2739 mest
861 2695 990 2740 servare.
1035 2673 1131 2738 Poon.
1154 2673 1214 2752 ΙΙΙ,
1237 2678 1266 2753 2,
1291 2678 1353 2738 341·

187 2774 269 2836 Pone
290 2791 343 2833 nos
363 2775 483 2835 reseda.
528 2791 556 2836 v.
582 2777 639 2838 35:
670 2793 747 2849 pone
774 2792 835 2836 sese
861 2776 995 2835 homines
1022 2777 1132 2834 locant.
1179 2769 1264 2834 Trin.
1287 2769 1347 2851 III,

191 2874 220 2950 2,
245 2874 300 2934 37;
329 2874 404 2932 Tute
420 2889 501 2946 pone
523 2877 549 2932 ta
571 2875 679 2934 latebis
702 2873 808 2949 iaoile,
839 2891 876 2933 ne
898 2873 1031 2933 inveniat
1053 2877 1082 2930 te
1106 2872 1208 2931 honos.
1254 2865 1347 2932 Cure.

189 2967 244 3046 IV,
271 2972 378 3044 1,20;
413 2970 493 3030 Porta
515 2971 615 3032 oedem
641 2972 784 3032 oratoris.
829 2967 902 3034 Aul.
932 2966 988 3047 IV,
1018 2972 1048 3047 4,
1079 2971 1132 3030 10:
1166 2969 1264 3040 Pone,
1292 2964 1349 3030 ubi

192 3064 266 3129 vide
289 3059 528 3130 adnotationem
550 3065 757 3131 Tauhmanni.

273 3165 351 3227 Post.
396 3160 477 3232 cato
499 3163 536 3228 R.
559 3163 596 3227 R.
620 3183 646 3228 c.
672 3167 706 3228 5:
739 3166 811 3226 Post
829 3167 953 3225 imbrem
980 3164 1113 3224 autumni
1140 3163 1277 3237 rapinam
1308 3193 1347 3206 -

189 3265 291 3323 serito.
337 3258 370 3323 O.
394 3265 452 3325 65:
482 3264 629 3323 Postridie
659 3269 710 3323 aut
732 3268 800 3336 post
827 3263 905 3324 diem
927 3263 1046 3322 tertium
1069 3277 1155 3336 quam
1178 3263 1259 3321 leota
1280 3262 1348 3323 erit

187 3357 283 3422 Ennii
305 3356 479 3422 Alexandri
500 3356 538 3422 ir.
565 3363 592 3436 l,
616 3379 644 3423 v.
669 3361 723 3422 ot:
745 3361 819 3419 Post
840 3361 909 3420 illa.

273 3457 408 3518 Praeter.
452 3455 548 3519 Ennii
570 3455 703 3520 Medeae
726 3453 827 3518 exulis
849 3453 888 3518 ir.
912 3460 941 3534 7,
963 3473 992 3518 v.
1017 3457 1095 3518 300:
1122 3455 1246 3515 Praeter
1271 3453 1350 3528 ropi-

191 3557 287 3614 totom
309 3555 492 3628 si·querare.
537 3552 642 3617 Ptont.
667 3549 763 3616 Stich.
787 3550 847 3630 ΙΙΙ,
871 3555 900 3631 2,
926 3557 958 3616 7:
993 3555 1132 3614 mustella
1153 3567 1266 3611 murem
1289 3547 1348 3626 [ut]

188 3653 314 3726 apstulit
329 3656 453 3725 praeter
470 3653 572 3725 peaes,
606 3663 663 3713 hot
685 3647 741 3712 bon
765 3644 876 3728 &ibon
899 3645 961 3730 [titt.
1007 3648 1092 3712 Asin.
1118 3647 1155 3726 V,
1180 3652 1209 3725 2,
1241 3649 1275 3709 o:
1309 3648 1351 3708 At

188 3752 320 3809 scelesta
347 3767 402 3824 ego
419 3754 543 3823 praetor
564 3751 639 3810 olion
660 3765 756 3808 meum
779 3750 874 3808 virum
896 3747 939 3808 fui
962 3754 1030 3808 rata
1050 3747 1176 3807 Sionem.
1201 3743 1348 3807 Tauhm.:

186 3841 319 3922 potitore
340 3832 402 3906 τῶν
424 3839 534 3908 ἄλλων.
566 3844 659 3908 Most.
679 3843 735 3923 IV,
758 3847 788 3922 2,
810 3840 868 3908 49ἑ
887 3849 1010 3919 prorem
1031 3844 1153 3918 meatem
1175 3845 1283 3902 stultus
1306 3857 1349 3904 ss.

187 3941 302 4020 Amph.
325 3941 367 4020 II,
392 3946 421 4021 2,
447 3945 499 4005 lo:
529 3961 615 4018 quem
646 3959 701 4018 ego
728 3959 794 4002 amo
816 3947 939 4016 praetor
965 3942 1067 4001 omnis.
1113 3939 1208 4002 Most
1231 3936 1289 4014 III,
1320 3940 1351 4016 2,

191 4041 265 4103 138:
298 4049 422 4115 praeter
444 4049 605 4100 venturam.
650 4036 962 4117 Moro.111‚3,24:
996 4043 1119 4112 praeter
1151 4038 1229 4096 huno
1260 4035 1347 4097 diam.

187 4133 253 4196 Mil.
273 4151 301 4196 v.
326 4139 387 4198 629
409 4133 637 4200 Fieokeiaenus
659 4135 692 4198 in
715 4133 857 4198 editione
880 4133 987 4199 Plauti
1009 4131 1045 4196 Τ.
1069 4132 1094 4210 Ι,
1127 4128 1225 4210 praei.
1249 4148 1280 4210 ρ.
1305 4133 1346 4193 26

187 4231 307 4294 omittit
324 4239 446 4306 praem
473 4236 506 4296 et
531 4230 656 4296 scribit:
690 4234 930 4308 homoquidam
959 4235 1017 4294 hau
1044 4247 1109 4290 aum
1136 4237 1226 4290 natus¹
1250 4245 1345 4290 annos
