3070 4758
204 257 269 318 ,Ν
578 249 599 260 ”
644 246 798 291 coornatur.
821 249 885 290 ene.
899 247 939 289 m.

202 424 292 486 modo
312 411 423 486 oletum
460 427 512 470 -‘
538 427 690 486 instrucre
712 415 847 501 oportet:
881 425 1000 484 vilicum
1038 425 1071 486 et
1099 421 1145 485 sic
1175 431 1233 500 pel·
1255 425 1361 486 totum

203 525 310 601 tophi,
332 520 409 584 ilem
432 537 458 586 c.
485 525 538 585 lle
574 523 726 596 Quomodo
750 525 865 582 vineam
888 521 1037 582 iustruere
1061 528 1195 595 oportet:
1223 521 1359 594 uilicum3

204 615 530 697 mmolqnenlustur
551 623 658 683 mente
681 617 860 682 addendum
884 633 969 680 csse:
993 615 1112 680 habere
1135 619 1273 696 oportet.
1304 617 1360 682 81-

203 714 323 780 militer
358 733 384 781 o.
410 718 449 780 12
472 719 509 779 ei
526 733 553 780 o.
579 719 634 780 13:
672 719 707 777 Iu
730 719 922 779 torcularium
951 718 980 776 in
1007 735 1063 776 usu
1090 717 1167 790 quod
1195 733 1270 790 opus
1303 723 1361 776 est.

205 815 335 876 urceum
368 817 444 880 cett.
490 810 524 877 G.
549 817 589 877 13
620 811 771 892 leguntur
793 813 888 877 etiam
911 811 1007 876 haec:
1031 815 1065 872 In
1088 815 1194 872 cellam
1218 816 1361 874 oleariam

204 913 282 973 htee
309 929 384 988 opus
413 919 492 975 sunt.
529 913 619 973 Delia
647 914 761 972 olearia
786 912 982 972 -conchas
1013 912 1142 970 maiores
1174 911 1252 972 duaa
1276 914 1361 988 cett,

127 999 130 1005 ’
205 1007 262 1074 ubi
283 1011 385 1088 usque
408 1007 450 1072 ud
471 1012 649 1072 extremum
682 1011 779 1089 caput
805 1010 985 1086 sequuntur
1006 1005 1195 1084 accusativi,
1224 1007 1278 1086 qui
1300 1009 1362 1072 ite·

205 1119 278 1170 rum
306 1103 446 1185 pendere
474 1103 624 1168 videntur
650 1105 690 1169 ab
714 1124 765 1185 eo,
794 1105 878 1184 quod
905 1104 1009 1167 animo
1038 1103 1204 1184 scriptoris
1225 1103 1361 1168 ‘videtur

206 1201 412 1268 mereatum
432 1199 542 1280 faisse,
564 1201 623 1266 sed
645 1219 708 1266 non
731 1219 912 1281 expressum
939 1206 1001 1266 est:
1025 1200 1144 1266 habere
1166 1207 1301 1282 oportet.
1326 1201 1362 1268 C.

206 1305 263 1364 nl:
291 1299 407 1374 Ficum,
430 1303 526 1360 oleum
549 1331 599 1362 -.
634 1303 716 1362 Haec
740 1304 838 1362 omnia
866 1319 883 1360 a
906 1303 1005 1376 capite
1027 1303 1189 1377 propagari
1212 1303 1359 1376 eximique

206 1400 399 1474 narique-m
414 1403 543 1473 oportet.
589 1393 628 1460 Η.
651 1396 681 1474 1.,
704 1395 737 1460 id
767 1395 852 1475 quod
874 1396 906 1460 in
930 1395 1113 1462 Schneideri
1136 1391 1272 1460 editione
1294 1415 1359 1460 non

204 1494 323 1559 fuctum
346 1497 411 1572 est,
441 1497 514 1557 ultio
536 1496 609 1555 Itocc
627 1493 734 1574 potius
757 1511 879 1558 comma
900 1493 1079 1573 ponendum
1103 1498 1136 1558 et
1157 1497 1230 1555 boec
1257 1497 1374 1570 omnio,

205 1590 415 1671 appositionis
436 1591 539 1656 instar
560 1591 750 1656 accusativis
773 1595 860 1664 ficum
880 1595 954 1656 cett.
978 1591 1088 1654 addita
1103 1591 1264 1656 censenda
1277 1595 1364 1670 sunt

207 1687 247 1754 ci.
270 1705 296 1752 c.
320 1693 393 1768 lati,
429 1687 484 1752 ubi
507 1687 622 1752 similia
641 1687 803 1768 leguntur.
842 1688 1052 1752 Accusatisus
1074 1689 1192 1752 iterum
1214 1688 1361 1753 absolute

207 1786 332 1866 pudibus
356 1786 518 1850 invonitur
540 1791 566 1849 t.
593 1789 667 1849 1042
708 1787 818 1848 Venas
839 1786 971 1847 famniae
994 1807 1049 1863 per
1070 1789 1196 1848 hiemem
1220 1789 1270 1863 qui
1292 1797 1357 1848 uto-

205 1893 264 1944 tur.
288 1880 322 1946 Ο.
343 1885 402 1946 93:
424 1890 532 1959 postca
546 1902 696 1944 amurcam
719 1902 784 1944 cunr
808 1903 884 1960 aqua
907 1887 1096 1944 commisceto
1119 1902 1229 1960 aequas
1245 1895 1360 1962 partes,

207 1982 291 2058 quae
313 1985 365 2044 est
386 1979 553 2059 appooItio.
591 1977 625 2042 C.
651 1983 725 2043 149:
749 1983 896 2042 bonicum
920 1983 1084 2057 pecuniam·
1108 1981 1300 2042 satisfacerit.
1325 1979 1360 2044 G.

207 2081 241 2140 2:
278 2079 412 2138 rabones
434 2086 541 2154 putare
564 2077 779 2154 argentoriam,
803 2079 1036 2138 frumentariam.
1067 2063 1114 2140 LC.
1141 2081 1174 2141 5:
1203 2081 1361 2140 Rationem

209 2191 277 2236 cum
299 2176 418 2236 domiuo
442 2177 549 2236 crebro
571 2183 668 2251 putet.
713 2171 747 2238 C.
772 2179 806 2237 5:
850 2177 927 2236 unda
950 2177 1060 2236 utendo
1087 2183 1182 2251 roget.
1229 2173 1261 2242 C.
1283 2181 1360 2240 118:

208 2272 313 2335 dicum
336 2275 433 2334 olbam
465 2290 555 2346 qaam
577 2275 737 2334 secundum
763 2274 937 2333 vindemiam
964 2275 1009 2332 acti
1027 2277 1124 2346 uoles,
1163 2275 1360 2347 abcondito,

207 2369 248 2433 all
269 2385 299 2449 q.
323 2369 343 2433 l.
366 2369 428 2432 vid.
452 2367 599 2433 Schneid.
641 2367 674 2433 O.
701 2373 777 2432 142:
803 2372 946 2446 quomodo
970 2373 1086 2430 vilicum
1108 2373 1152 2430 uti
1175 2377 1303 2447 oportet.
1327 2367 1365 2437 O.

211 2471 286 2530 lto:
326 2468 449 2529 Vicinus
481 2468 617 2544 aliaeque
645 2468 783 2528 mulieres
812 2485 896 2544 quam
927 2469 1076 2526 minimum
1101 2474 1211 2529 utatur.
1250 2465 1283 2530 O.
1307 2469 1363 2530 76:

206 2565 279 2624 itam
305 2565 392 2624 linito
420 2581 513 2640 usquc
550 2565 640 2639 adeo,
668 2567 762 2626 donec
791 2583 875 2624 omae
896 2583 1012 2625 coccum
1046 2584 1111 2625 cum
1130 2569 1228 2626 ‘melle
1252 2565 1365 2625 adactas

208 2662 277 2724 oria
302 2657 336 2723 Ο.
357 2663 432 2723 int:
455 2669 486 2721 et
508 2668 614 2737 postea
636 2663 666 2720 id
682 2664 758 2723 utito
781 2665 842 2723 uini
864 2664 1002 2738 cyathum
1026 2681 1111 2722 mane
1134 2664 1259 2723 ieiunus
1284 2659 1364 2724 Cato

208 2771 259 2837 up.
292 2755 374 2821 Geli.
403 2755 503 2836 XIII,
531 2763 586 2822 23:
631 2761 734 2834 Siquid
753 2768 815 2832 cst,
843 2761 921 2832 qaod
946 2764 1026 2836 ntor,
1049 2765 1127 2821 attor.
1172 2757 1234 2822 lla:
1277 2775 1364 2819 snum

210 2858 317 2931 tuique
339 2872 395 2930 per
417 2865 477 2916 me«
496 2858 542 2917 ati
565 2865 658 2932 atque·
675 2857 741 2928 frat
762 2859 843 2917 licet.
875 2853 908 2918 O.
935 2861 973 2918 10
996 2855 1046 2920 his
1068 2854 1312 2935 legitur-capere
1334 2873 1359 2918 c.

210 2963 275 3016 tuo.
299 2947 529 3032 significatione
552 2949 654 3032 milen,
677 2950 793 3030 holten,
817 2952 856 3016 de
877 2952 1043 3030 mensuris
1066 2953 1142 3016 item
1166 2969 1192 3016 c.
1213 2958 1266 3016 ll:
1290 2955 1361 3012 she-

208 3057 292 3124 num‚·
312 3051 389 3125 quod
403 3053 485 3126 cupit
507 3056 635 3112 culleum
657 3071 756 3111 unum.
779 3048 837 3113 in:
860 3052 984 3110 alienum
999 3053 1142 3125 cuculum,
1167 3051 1362 3126 quodcapiat

209 3151 349 3208 culleum.
384 3144 417 3209 O.
442 3151 475 3211 5:
499 3148 631 3210 Scabicm
653 3151 756 3224 pecori
779 3153 811 3208 et
831 3149 971 3208 iumentis
991 3151 1098 3207 coacto.
1144 3145 1178 3210 O.
1203 3150 1257 3210 38:
1285 3147 1364 3207 Inibi

210 3251 348 3306 anchona
369 3249 469 3305 coneto
490 3249 625 3308 maxime.
671 3244 705 3309 0.
730 3248 784 3308 28:
828 3245 948 3304 numid
970 3247 1098 3305 maxime
1122 3246 1283 3306 cavendum
1306 3249 1363 3305 est.

210 3339 245 3404 Ο.
271 3345 324 3404 15:
370 3348 402 3403 et
427 3343 466 3403 ad
488 3361 563 3419 opus
589 3344 736 3419 praebeat
764 3332 856 3404 cuiuis
885 3343 915 3402 in
937 3343 969 3402 P.
992 3342 1122 3417 singulos
1148 3343 1363 3418 longitudinem

209 3447 356 3516 opus-est
377 3441 505 3502 modium
528 3460 626 3516 unum,
650 3459 759 3501 arenae
782 3439 896 3501 modios
912 3441 993 3500 duos.
1016 3436 1227 3502 Schneiderus
1242 3435 1366 3501 manmit

212 3537 308 3602 scribi
331 3539 518 3614 lonpitadtni,
542 3537 627 3616 quod
646 3536 679 3600 in
694 3535 853 3600 nonnullis
876 3533 1068 3600 editionibus
1090 3534 1217 3614 legitur,
1241 3533 1298 3597 scd
1312 3535 1364 3598 're-

212 3634 309 3698 tineri
346 3637 455 3712 potest
494 3636 706 3709 lonpitadiacm
741 3635 788 3698 ila
820 3637 856 3696 ut
883 3631 1060 3711 accipiatur
1095 3649 1153 3711 pro
1183 3629 1362 3694 accusativo

209 3745 339 3812 graeco,
365 3739 448 3806 'opas
481 3736 658 3805 celantem
687 3731 802 3796 omisso
821 3737 866 3802 ,ot
898 3745 972 3793 cum
1000 3727 1198 3792 coniunctim
1218 3729 1366 3807 mactent

209 3827 473 3908 annmngenuum.
488 3827 531 3892 0.
555 3832 614 3891 49:
637 3831 722 3890 binus
744 3845 874 3906 gemmas
897 3845 934 3888 ne
959 3829 1086 3902 amplius
1109 3829 1285 3902 relinquito,
1307 3821 1363 3886 ubi

213 3927 350 3992 observa
372 3924 612 3990 collocationem
634 3925 813 3990 verborum.
853 3921 947 3987 Ennii
970 3921 1170 3988 Euberneros
1189 3920 1230 3984 fr.
1256 3925 1284 4001 3,
1310 3923 1364 3989 ld:

211 4027 341 4102 dantque
369 4041 435 4086 cum
462 4026 572 4085 Vestae
600 4023 799 4096 educandam,
836 4025 969 4082 celantes
1000 4020 1179 4082 marana.
1223 4019 1303 4082 Eun.
1325 4017 1376 4082 Ir.

210 4121 391 4186 Telamonis
413 4125 449 4183 4:
474 4123 559 4182 More
583 4123 705 4196 antiquo
723 4121 834 4181 audibo
857 4127 946 4194 atquo
970 4121 1056 4180 amris
1078 4119 1132 4178 tibi
1156 4125 1262 4178 contra
1283 4121 1365 4176 aient·

208 4221 264 4282 dos
284 4221 362 4282 dubo
385 4217 436 4295 (N.
457 4233 488 4282 v.
511 4215 649 4292 audibo).
673 4213 872 4281 Euhemerus
893 4212 932 4278 it·
955 4220 985 4296 7,
1007 4219 1062 4280 34:
1088 4218 1119 4275 iu
1143 4215 1258 4276 coelum
1281 4211 1359 4288 qood
