3004 4764
279 289 343 348 404
444 315 446 326 .
729 280 855 323 sacroru
869 281 932 323 car.
945 283 983 323 vr.

276 453 375 520 Andr.
397 451 423 534 I,
449 460 477 534 l,
505 455 561 518 42:
599 457 721 516 Interea
748 458 854 518 mulier
881 461 1026 534 quaedam
1053 460 1160 522 abhinc
1184 459 1337 520 triennium
1362 459 1399 518 llr

275 555 378 616 Andro
400 554 614 651 commigravit,
637 551 678 616 ad
701 568 796 632 quem
817 551 921 618 locum
942 553 1037 621 affert
1058 553 1184 622 Ruhnlc
1227 555 1286 619 Ad.
1306 554 1355 633 IV,
1377 559 1397 632 5,

276 653 333 716 lc:
376 654 522 714 Habitant
552 653 603 713 hio
634 653 781 728 quaedam
812 655 952 716 mulieres
983 659 1193 732 pauperculae.
1247 652 1398 732 Usurpauit
1430 633 1431 660 ¹

275 764 305 812 v.
330 753 482 824 quaedam,
504 748 653 832 quoniam
674 767 729 814 eas
748 750 928 816 accuratius
942 767 1134 833 cognoscere
1148 769 1265 832 operae
1283 750 1398 832 pretium

272 863 337 912 non
358 865 427 914 esse
449 848 616 914 existimat.

358 950 409 1012 38.
432 945 482 1012 De
504 945 700 1028 pronominis
722 949 843 1022 quisquc
857 943 1087 1028 significatione
1103 946 1297 1014 Schmidtius
1310 965 1336 1028 p.
1352 949 1397 1010 100

273 1041 353 1108 haec
375 1041 484 1110 habet:
529 1043 691 1124 „Verbum
712 1061 767 1118 qao
789 1047 822 1107 et
843 1044 928 1124 apud
950 1043 1045 1110 Indos
1067 1049 1100 1110 et
1121 1046 1206 1127 apud
1226 1045 1357 1112 Graecos
1374 1047 1398 1106 et

273 1141 359 1220 apud
380 1141 539 1207 Romanos
571 1142 605 1206 in
635 1161 696 1206 usu
718 1146 776 1222 est,
799 1145 895 1222 atque
917 1141 950 1206 in
971 1141 1022 1206 his
1042 1142 1161 1224 linguis
1183 1143 1325 1209 omnibus
1343 1143 1397 1206 iun·

272 1238 385 1320 gendis
407 1240 608 1320 potissimum
629 1239 736 1305 verbis
754 1239 983 1319 sententiisque
997 1239 1131 1306 inservit
1144 1257 1182 1304 ac
1197 1258 1321 1322 semper
1332 1255 1396 1321 pone

268 1336 410 1417 verbum,
433 1337 473 1403 ad
495 1339 580 1419 qnod
600 1338 750 1419 pertinet,
773 1337 955 1403 collocatur.
991 1337 1086 1420 Apud
1106 1337 1203 1404 Indos
1224 1344 1331 1404 autem
1349 1353 1395 1400 non

268 1433 371 1500 solum
392 1437 492 1502 verba
513 1436 750 1517 sententiasque
772 1435 948 1517 coniungit,
971 1436 1028 1501 sed
1049 1436 1082 1501 in
1097 1437 1395 1502 universumsenten·

267 1531 360 1614 tiam,
389 1551 471 1615 quae
499 1535 698 1614 enuntiatur,
731 1533 967 1615 aliquovorsum
993 1532 1109 1599 referri
1138 1533 1304 1616 significat.
1343 1532 1394 1596 lloc

266 1645 362 1709 quum
389 1631 422 1697 iu
443 1633 603 1715 plerisque
628 1632 793 1698 sententiis
816 1631 947 1711 accidat,
970 1628 1015 1712 fit,
1038 1636 1075 1696 ut
1095 1632 1179 1713 apud
1202 1632 1300 1698 Indos
1320 1630 1394 1696 huius

265 1728 441 1809 particulae
467 1750 545 1798 usus
572 1731 650 1796 adeo
681 1730 723 1795 sit
754 1729 918 1811 frequens,
954 1733 992 1793 ut
1013 1747 1051 1794 ea
1071 1729 1105 1793 in
1126 1729 1305 1811 particulis,
1334 1743 1393 1808 quas

264 1826 360 1908 vulgo
398 1830 582 1911 expletivas
605 1833 734 1907 vocant,
770 1827 935 1892 habeatur.
957 1861 1000 1872 -
1035 1826 1169 1893 Romani
1189 1846 1278 1906 vero,
1318 1841 1393 1906 qum

263 1926 449 2006 ceteroquin
484 1927 517 1991 in
553 1947 608 2004 que
643 1925 820 2006 particulae
845 1944 906 1991 usu
928 1945 1000 1990 oum
1022 1924 1155 1990 Graccis
1177 1929 1211 1990 et
1232 1925 1320 1991 Indis
1340 1938 1392 1988 con·

262 2022 414 2104 sentiant,
447 2043 486 2088 ea
507 2031 614 2089 tamen
635 2043 670 2090 re
693 2024 733 2089 ab
754 2022 794 2088 iis
815 2021 978 2099 differunt,
1009 2023 1094 2104 quod
1115 2022 1201 2088 illam
1222 2020 1390 2104 particulam

262 2119 447 2200 saepissime
469 2123 511 2187 ad
530 2139 705 2203 pronomen
726 2119 924 2185 indefinitum
946 2123 1114 2202 omniaque
1137 2121 1305 2202 adverbia,
1327 2132 1386 2199 quae

260 2235 281 2281 a
309 2218 495 2298 pronomine
523 2217 686 2285 indefinito
715 2220 863 2298 veniunt,
897 2219 1026 2284 addunt.
1072 2217 1187 2284 Confer
1208 2225 1329 2298 quisquc
1349 2221 1385 2281 eo

260 2313 381 2394 Quodsi
403 2335 485 2399 quae
508 2320 551 2384 sit
571 2319 666 2384 huius
689 2317 862 2399 particulae
885 2313 1086 2398 significatio,
1120 2318 1317 2398 quaerimus,
1348 2313 1389 2376 hoc

261 2421 312 2482 est
332 2417 437 2482 animo
457 2417 675 2499 repetendum,
697 2416 882 2499 pronomine
903 2413 1065 2480 indefinito
1087 2433 1153 2479 rem
1176 2422 1285 2482 mente
1303 2425 1389 2480 conce

257 2518 345 2594 ptam
372 2518 405 2579 et
430 2533 448 2581 e
474 2533 581 2580 rerum
607 2515 748 2580 eiusdem
772 2513 898 2594 generis
920 2513 1045 2578 cumulo
1066 2529 1105 2577 ac
1127 2512 1210 2577 serie
1232 2515 1388 2592 exemptam

257 2609 437 2692 significari.
481 2617 548 2693 Quo
572 2620 679 2680 autem
701 2611 858 2693 particula
879 2611 906 2676 si
928 2610 969 2675 ad
989 2627 1161 2691 pronomen
1177 2610 1314 2690 additur,
1334 2621 1387 2688 pro·

254 2710 389 2776 nominis
412 2710 460 2777 vis
483 2711 664 2778 extenditur
684 2710 780 2790 idque
802 2709 843 2773 ad
868 2726 991 2773 omnem
1012 2725 1101 2786 rem,
1123 2707 1155 2772 iu
1177 2726 1273 2788 quam
1295 2705 1387 2772 cadere

255 2809 357 2890 possit
378 2810 546 2887 sententia,
570 2807 738 2874 transferri
760 2804 964 2888 significatur.
1009 2806 1060 2870 lta
1081 2808 1156 2885 quis,
1179 2805 1387 2886 particulata

253 2905 418 2988 adiuncta,
443 2925 518 2973 -non
540 2905 699 2971 hominem
720 2906 876 2971 incertum
899 2902 1073 2986 quendam,
1110 2902 1167 2968 sed
1189 2921 1326 2983 omnem,
1357 2893 1386 2960 td

252 3020 348 3084 quem
378 3006 540 3086 pertinere
569 3004 671 3087 possit
697 3003 868 3083 sententia,
901 3005 1000 3068 notat.
1046 3001 1092 3064 Ab
1121 3004 1216 3064 omnis
1238 3003 1334 3084 igitur
1352 2996 1386 3060 ita

254 3100 370 3184 differt,
393 3109 430 3170 ut
450 3104 510 3170 hoc
532 3103 660 3185 quidem
681 3109 811 3168 cunctos
834 3101 928 3166 simul
950 3096 1120 3181 significet,
1149 3102 1273 3175 quiaque
1293 3103 1383 3165 autem

251 3200 507 3268 distributionem
530 3201 685 3280 quandam
708 3200 871 3281 exprimat.
915 3198 985 3262 Hoc
1007 3197 1139 3262 verbum
1162 3214 1259 3277 quum
1278 3207 1386 3274 semper

250 3317 268 3365 e
291 3304 399 3364 cetera
421 3300 578 3366 sententia
598 3298 734 3381 intelligi
755 3298 880 3378 debeat,
902 3296 1088 3379 plerumque
1108 3313 1192 3376 pone
1212 3295 1244 3360 id
1259 3293 1383 3362 verbum
1430 3345 1431 3350 η

250 3397 291 3462 ad
323 3398 408 3479 quod
434 3416 511 3479 prae
535 3398 650 3463 ceteris
671 3397 820 3478 pertinet,
858 3395 1044 3472 collocatur,
1082 3393 1167 3472 quod
1189 3390 1241 3473 fit,
1279 3393 1306 3458 si
1325 3400 1383 3454 com

248 3496 402 3574 numeris,
432 3496 487 3577 qui
515 3495 675 3562 ordinales
701 3497 857 3560 vocantur
883 3498 916 3558 et
938 3509 1009 3558 oum
1028 3491 1215 3571 pronomine
1236 3490 1382 3568 reciproco

249 3593 412 3674 [reflexivo
434 3599 560 3659 etcum
582 3593 738 3670 relativis]
761 3589 988 3672 componitur.“
1024 3587 1071 3654 cl.
1094 3587 1191 3654 Heus.
1215 3589 1257 3654 ad
1278 3585 1380 3661 Reisig·

246 3710 277 3773 p.
309 3697 387 3772 350,
415 3692 520 3758 adnot.
557 3699 627 3759 362.
674 3691 797 3773 Appius
830 3687 981 3755 Claudius
1013 3705 1064 3768 ap.
1098 3687 1223 3752 Pseudo
1239 3720 1253 3735 -
1268 3683 1380 3754 Sallust

248 3808 295 3871 ep.
318 3791 360 3857 ud
382 3789 550 3858 Caesarem
573 3791 612 3856 de
634 3809 702 3872 rep.
725 3808 752 3855 o.
778 3792 820 3853 1.:
856 3791 986 3850 Fabrum
1008 3805 1075 3849 esse
1096 3805 1168 3848 socae
1181 3783 1379 3863 quemqaclor·

247 3895 347 3952 tunae.
390 3888 503 3956 Naevii
530 3888 567 3954 lr.
599 3891 783 3956 ulianam:
813 3889 989 3963 utquisque
1010 3894 1057 3946 est
1077 3887 1210 3947 meritus.
1255 3883 1330 3950 Cato
1348 3876 1377 3940 R·

247 3985 284 4051 R.
308 4008 333 4051 c.
359 3993 390 4052 5:
410 3993 458 4050 uti
479 4007 532 4053 eoo
554 3990 677 4064 quosque
696 3991 763 4049 loco
785 3987 882 4047 cubet
927 3980 962 4047 Ο.
992 3988 1046 4048 34:
1091 3985 1150 4045 Ubi
1168 3985 1288 4060 quisque
1307 3985 1377 4043 locus

244 4087 452 4164 frigidissimus
478 4120 521 4132 -
547 4089 619 4162 erit,
646 4087 688 4147 ibi
715 4088 839 4162 primum
864 4084 964 4145 serito.
1008 4079 1169 4146 Gesnerus
1191 4081 1323 4146 malebat
1340 4071 1377 4137 nti

245 4187 382 4262 quisquc,
411 4186 495 4266 quod
523 4181 671 4266 probavit
698 4179 918 4246 Schneiderus.
968 4176 1047 4245 Cato
1074 4195 1121 4241 or.
1151 4175 1209 4243 inc.
1233 4195 1282 4259 ap.
1305 4167 1373 4240 uel.

243 4279 339 4365 XIII,
377 4285 417 4350 23
447 4281 584 4364 (Iordan.
623 4299 653 4362 p.
684 4283 740 4359 73,
774 4277 819 4353 ll:
856 4295 943 4339 saum
963 4279 1065 4352 cuique
1087 4293 1143 4352 per
1164 4294 1211 4338 me
1233 4280 1277 4339 nti
1297 4280 1372 4348 atque
