3004 4764
198 229 262 293 ΒΜ
647 215 775 262 ΡΜΙΟΙ.
796 215 860 259 w.
873 216 913 258 Vl.

197 394 285 464 rm.
306 393 362 472 IV,
385 397 414 474 d,
435 395 496 460 444
518 399 605 459 estne
627 394 679 457 iis
699 411 738 456 an
759 389 908 457 nonest?
937 391 965 452 ie
986 395 1044 454 est
1088 387 1178 459 Qerte
1199 385 1227 448 ie
1247 389 1313 457 eet,
1333 383 1366 444 ie

202 502 251 561 est
266 493 416 571 proiecte,
439 488 494 556 nbi
516 487 711 557 Ritschelius
733 493 775 562 (n.
797 485 919 568 proleg.
942 484 977 553 in
996 483 1081 559 Triu.
1105 501 1135 564 p.
1160 484 1235 556 343)
1257 479 1365 558 scrip·
1467 480 1470 489 ’

199 591 243 658 sit
268 595 348 655 eae
374 590 411 652 ie.
455 586 494 668 V,
517 591 547 666 2,
567 590 624 652 46:
662 589 757 662 Quom
778 587 831 646 ilie
854 586 928 646 itast
953 592 987 646 nt
1015 601 1081 649 4444
1110 581 1293 652 casanello,
1328 578 1367 639 id

199 691 328 767 munior,
351 686 391 751 de
407 701 470 765 quo
486 683 557 752 loeo
570 683 643 748 vide
658 681 869 750 Ritschelinm
891 680 1066 762 prolegom
1088 679 1122 746 in
1136 676 1222 742 Trin.
1245 693 1273 754 p.
1295 679 1360 740 201

198 803 263 866 444
295 783 377 862 „etsi
399 781 439 849 de
461 799 534 846 meo
555 779 664 846 addidi
685 799 765 850 cum,
800 783 909 845 tomen
935 777 968 842 id
996 792 1129 858 prorsus
1157 771 1283 854 flagitet
1313 771 1366 834 lo·

199 882 317 964 suendi
337 877 536 948 consuetudo
558 877 717 956 Plautina,
739 875 834 958 plene
856 879 893 942 ut
913 894 943 939 v.
967 879 1047 940 307:
1069 877 1117 934 An
1139 875 1184 934 ita
1204 873 1305 948 potins
1330 876 1368 930 nt

199 988 343 1059 parentes
366 995 433 1042 4444
454 994 519 1040 esse
543 985 575 1041 et
596 978 716 1052 cognati
736 975 860 1038 uelint.“
889 972 939 1038 Ad
960 972 1096 1052 primam
1117 985 1287 1049 personam
1311 984 1365 1030 re·
1471 954 1472 1029 ζ

200 1077 303 1145 ntum
331 1072 508 1138 camoenis
538 1071 618 1136 Rue
641 1071 680 1148 V,
704 1075 733 1152 2,
756 1077 778 1136 4
799 1087 862 1150 sq.:
895 1089 950 1150 ego
977 1073 1029 1147 qui
1056 1072 1086 1129 in
1114 1069 1190 1128 mari
1215 1067 1366 1143 prehendi
1471 1140 1472 1151 ἵ

200 1177 277 1238 Bate
299 1180 387 1250 atque
403 1173 510 1248 excepi
523 1170 663 1244 vidulum,
686 1171 714 1230 ci
736 1171 808 1232 dare
831 1171 947 1246 negatis
970 1171 1135 1244 quicquam,
1158 1163 1214 1228 ubi
1228 1162 1367 1227 observa

202 1269 428 1336 attractionem
457 1266 491 1332 in
517 1285 569 1342 epo
595 1269 649 1344 444·
675 1263 800 1331 factam.
843 1263 942 1332 Mero.
969 1263 1025 1343 IV,
1045 1269 1075 1342 4,
1099 1265 1155 1328 26:
1190 1264 1265 1324 haec
1288 1266 1365 1322 eost.

201 1367 297 1434 Poen„
321 1366 359 1443 V,
382 1369 412 1445 2,
437 1369 511 1430 127:
537 1367 615 1440 Quid
635 1365 669 1424 id
690 1366 756 1426 est?
779 1362 934 1444 (refertur
957 1362 998 1426 ad
1017 1360 1229 1442 praegressa).
1264 1355 1365 1420 Mero.

199 1464 241 1545 V,
266 1469 295 1540 2,
318 1467 373 1528 28:
395 1465 445 1539 qui
469 1471 539 1525 snut
559 1463 606 1523 ci?
639 1461 732 1542 Epid.
757 1460 812 1538 IV,
843 1466 871 1539 1,
896 1465 952 1524 li:
976 1468 1060 1523 estne
1083 1460 1140 1520 co?
1177 1456 1259 1522 Rud.
1282 1453 1365 1534 prol.

201 1581 230 1628 v.
255 1568 313 1627 41:
346 1563 468 1622 Iseum
501 1562 559 1622 huc
580 1561 713 1636 Cyrenas
742 1562 812 1623 leno
840 1560 960 1622 advexit
990 1561 1142 1636 virginem.
1188 1553 1279 1634 Epid.
1303 1550 1365 1629 111,
1472 1567 1473 1628 i

203 1665 234 1738 4,
258 1663 313 1724 46:
346 1659 422 1720 haec
448 1677 508 1720 non
537 1665 586 1720 est
617 1675 660 1718 ea.
704 1675 732 1720 v.
755 1661 814 1720 ta:
847 1659 940 1719 Immo
963 1658 1038 1718 haec
1061 1662 1134 1716 eost.
1178 1648 1310 1730 14441,
1335 1654 1364 1728 2,

203 1760 259 1822 67:
282 1758 342 1820 Ubi
364 1762 433 1817 sunt
453 1755 467 1814 i
488 1755 643 1819 homines?
666 1751 723 1833 (sc.
747 1753 925 1834 dequibus
948 1758 983 1816 tu
1006 1749 1170 1831 loqueris).
1208 1748 1251 1828 ΙΙ,
1277 1753 1307 1828 3,
1332 1749 1365 1810 6:

203 1859 294 1918 Euat.
340 1848 413 1916 ΑΜ.
441 1853 469 1912 ia
491 1859 538 1912 444
565 1848 608 1929 (h.
636 1869 663 1916 e.
687 1867 782 1929 quem
808 1868 878 1916 esse
906 1851 1146 1932 cogitaveram).
1192 1846 1251 1926 ΙΠ,
1276 1850 1306 1925 3,
1333 1851 1365 1908 l:

199 1953 287 2016 Nunc
307 1951 341 2009 id
362 1955 423 2022 est,
447 1964 535 2026 quom
559 1951 688 2008 omnium
712 1952 865 2025 copiarum
887 1957 975 2028 atque
999 1967 1101 2024 opum,
1130 1949 1248 2019 Auxili,
1278 1960 1365 2020 prae·

201 2050 260 2114 eidi
287 2048 416 2112 viduitas
439 2063 493 2107 nos
514 2051 607 2107 tenet.
651 2043 765 2109 Pseud.
789 2062 819 2109 v.
844 2050 921 2111 959:
954 2049 990 2108 Is
1011 2048 1085 2107 mihi
1108 2045 1182 2105 nihil
1205 2046 1295 2105 etiam
1319 2059 1364 2102 re-

201 2146 332 2222 spondit
377 2138 476 2206 sticn-
490 2158 519 2204 v.
533 2144 591 2204 la:
612 2144 664 2203 ille
687 2161 735 2206 ces
757 2146 885 2206 honores
907 2147 979 2204 mihi
1002 2163 1075 2220 quos
1098 2144 1202 2204 habuit
1224 2141 1364 2217 perdidit·

199 2239 316 2320 Pseud.
341 2238 366 2318 I,
391 2242 420 2316 3,
446 2239 522 2302 142:
548 2240 625 2314 Quid
646 2241 680 2300 io
704 2242 771 2303 est?
813 2240 885 2306 nul.
903 2240 945 2316 ΙΙ,
965 2246 996 2319 4,
1017 2247 1072 2306 37;
1095 2243 1280 2317 pulmentum
1302 2239 1364 2312 pri·
1399 2249 1404 2274 i

202 2340 403 2418 domeripuit
425 2338 452 2401 a·
473 2339 569 2406 mnes.
614 2333 705 2417 Capi.
730 2337 924 2418 111,4,aa:
960 2342 1072 2415 Quibus
1101 2339 1252 2416 insputari
1275 2337 1365 2398 saluti
1470 2325 1473 2356 ⁴

202 2437 261 2501 luit
282 2445 372 2514 utque
394 2436 422 2496 is
442 2434 566 2510 proluit
612 2433 693 2499 Rud.
717 2434 759 2515 11,
784 2441 813 2512 3,
838 2439 895 2500 64:
929 2440 1016 2500 Nnnc
1038 2455 1103 2498 4444
1127 2455 1194 2498 cnm
1216 2437 1285 2496 navi
1308 2435 1365 2496 sci-

202 2537 280 2624 licet
293 2535 396 2596 ¹abisse
418 2549 539 2608 pensum
560 2533 591 2592 in
614 2536 722 2608 altum,
745 2533 837 2613 deq.
861 2532 880 2596 l.
904 2533 1102 2600 Fleckeisen
1137 2549 1238 2598 exero.
1262 2529 1366 2594 Piaut

201 2647 233 2710 p.
256 2625 314 2694 48}
336 2646 419 2700 „cmo
442 2644 551 2695 omnes
573 2632 649 2710 ante
664 2627 818 2710 Reinium,
842 2631 897 2710 qui
917 2631 1044 2712 scripsit
1065 2649 1140 2700 4444,
1164 2647 1206 2694 sc.
1223 2631 1365 2698 adulam,

203 2731 283 2809 puto
303 2725 388 2790 obv.
406 2729 445 2789 66
469 2732 557 2800 atone
579 2744 646 2788 eom
667 2731 826 2802 44444444·
849 2727 910 2794 hoc
932 2729 1034 2797 altero
1056 2728 1127 2794 loco
1149 2731 1239 2794 recte
1260 2727 1366 2793 locum

204 2827 390 2908 tanatem,
413 2839 486 2886 cum
506 2821 683 2903 ,praecedat
703 2827 819 2896 ididan,
842 2824 873 2890 h.
890 2844 917 2892 e.
939 2828 973 2886 io
994 2829 1105 2896 vidulo,
1127 2841 1191 2906 quo
1206 2823 1286 2890 illud
1299 2841 1366 2888 eam

204 2938 265 3002 per
287 2920 415 3001 synesin
437 2917 609 2984 refertur.“
647 2917 750 2986 Simili
771 2922 865 2988 modo
887 2941 1062 3003 pronomen
1082 2927 1110 2987 ia
1132 2922 1262 3002 ponitur
1283 2918 1365 2986 rele-

204 3017 340 3084 rendum
369 3016 411 3081 ad
438 3017 615 3096 notionem,
647 3034 730 3098 quae
758 3037 798 3082 ex
823 3037 1013 3102 praegresso
1040 3019 1199 3086 adiectivo
1226 3017 1366 3085 eruenda

206 3119 267 3194 est,
288 3114 341 3196 his
361 3113 485 3178 duobus
507 3113 601 3178 locis:
632 3112 703 3180 Cas.
726 3115 806 3196 prol.
829 3136 858 3182 v.
885 3123 937 3182 13:
970 3122 1132 3196 Antiquam
1154 3121 1284 3195 aliquam
1305 3118 1367 3179 444

205 3216 353 3283 edidimus
376 3215 559 3274 comoediam
582 3211 640 3285 (sio
661 3213 796 3280 Bitschl.
818 3231 946 3295 parerg,
968 3233 999 3295 4.
1024 3218 1108 3296 201),
1132 3215 1187 3280 ubi
1209 3218 1273 3278 44444
1295 3230 1366 3294 444·

206 3313 273 3376 ctat
300 3308 342 3374 ad
371 3306 535 3388 Plautum,
570 3326 667 3389 quum
696 3313 905 3378 antecesserit
930 3316 1100 3376 Platanos.
1146 3311 1227 3378 Rud.
1250 3310 1309 3390 111,
1339 3313 1366 3383 1,

205 3412 241 3474 8:
275 3409 324 3470 Ad
345 3407 575 3469 hirundininum
596 3410 696 3471 nidum
719 3413 813 3475 visam
843 3414 930 3475 nimie
950 3414 1165 3476 decensionem
1191 3410 1368 3481 nt1laoeret

206 3507 396 3571 admolirier:
418 3506 523 3582 Neque
542 3522 592 3566 eos
607 3510 726 3584 eripere
742 3510 846 3584 quibet
862 3511 941 3584 inde,
964 3507 994 3572 ln
1012 3527 1039 3574 e.
1056 3507 1252 3582 hirundines.
1275 3501 1365 3585 Epid·

93 3607 96 3610 '
205 3603 249 3682 Π,
276 3608 303 3677 1,
325 3605 362 3666 2:
394 3603 518 3664 isadeo
541 3601 615 3678 tu's,
645 3601 701 3668 ubi
726 3605 754 3666 ia
781 3603 1013 3685 significatione
1041 3605 1277 3685 compositum
1305 3605 1365 3666 est

205 3699 288 3766 Rud.
305 3697 384 3780 prol.
399 3716 428 3762 v.
445 3701 500 3760 61:
520 3700 562 3760 Id
583 3701 632 3760 hic
655 3709 702 3762 444
723 3702 824 3765 tanum
840 3705 976 3769 Veneris.
1014 3702 1128 3783 Amph.
1148 3701 1229 3782 prot
1246 3721 1275 3766 v.
1295 3703 1367 3764 100:
1472 3701 1473 3718 *

206 3799 242 3860 Ia
263 3815 342 3880 nnnc
367 3797 547 3878 Amphitruo
569 3797 756 3873 praefectust
775 3802 953 3877 legionibus.
988 3820 1017 3865 v.
1035 3805 1110 3868 102:
1133 3802 1169 3864 Ie
1182 3803 1267 3877 prius
1284 3814 1369 3876 qnam

204 3897 278 3956 ltine
302 3895 376 3954 obiit
396 3895 527 3970 ipsemet
555 3895 585 3954 in
609 3899 783 3958 exercitum.
827 3916 856 3961 v.
882 3902 1028 3978 1074444
1062 3901 1098 3962 14
1123 3916 1226 3960 emere
1253 3897 1370 3971 occepit

206 3993 404 4072 Alcumenam
425 3993 501 4052 clam
523 3993 616 4055 vnum
641 3993 828 4070 Usnranque
851 3998 915 4065 cius
931 4000 1066 4072 corporis
1081 3999 1163 4073 cepit
1176 3996 1244 4058 sibi.
1277 3989 1368 4072 Epid.

205 4084 267 4165 III,
292 4091 324 4163 4,
347 4089 402 4149 70:
425 4087 566 4162 144444
586 4091 686 4150 andivi
708 4093 820 4154 audies.
857 4091 1003 4158 Relativo
1026 4091 1243 4174 postpositum
1267 4095 1319 4156 est
1338 4088 1370 4152 iu

212 4182 263 4250 his
284 4181 371 4247 locis.
416 4181 497 4248 Rud.
520 4184 600 4264 prol.
616 4204 644 4252 v.
662 4189 690 4250 9.
709 4191 769 4250 1οι
792 4191 886 4268 quiet
900 4195 1065 4270 imperator
1088 4193 1185 4256 divom
1208 4197 1297 4266 atque
1319 4189 1370 4250 ho

620 4747 628 4749 ἑ
1403 4707 1440 4722 ⁴.
