3070 4758
462 266 551 310 GASUB
572 265 842 310 BUBBTAMIVORUU.
859 287 884 297 -
903 265 1036 310 narnus.
1266 273 1326 332 291

174 437 275 507 Andr.
292 437 348 522 IV,
367 444 395 520 1,
419 445 475 507 59:
494 443 535 504 At
557 443 616 504 iam
638 441 695 504 boo
718 441 772 504 tibi
794 441 945 504 inventum
969 441 1055 504 dabo.
1099 433 1235 519 Adelph.
1250 433 1330 519 prol.

170 556 200 604 v.
226 543 261 602 7:
298 539 374 601 Eam
398 541 626 602 Commorientis
648 539 771 601 Plautus
801 539 875 601 lecit
901 537 1040 602 fabulam.
1085 533 1214 601 Phorm.
1239 533 1276 615 V,
1300 539 1330 613 2,

172 637 207 701 6ι
240 638 296 700 Eis
318 653 396 698 nuno
419 639 627 714 praemiumst,
650 637 701 714 qui
722 641 804 698 racto
822 653 920 713 prava
941 637 1067 710 famant.
1110 631 1227 700 Heaut.
1249 633 1330 717 prol.

171 749 200 797 ι.
225 737 280 798 26:
305 735 426 809 Quare
449 739 550 797 oratos
571 751 624 801 vos
647 735 743 798 omnis
766 737 841 798 volo.

641 901 676 965 D.
719 902 863 965 murm.

261 1023 396 1088 Praeter
411 1024 499 1104 duas,
522 1040 602 1106 quas
625 1023 728 1090 adhue
750 1021 974 1105 spectavimus,
998 1019 1127 1103 formas,
1151 1021 1266 1103 quibus
1290 1022 1332 1101 ei,

174 1122 229 1203 qui
251 1120 408 1201 loquitur,
439 1119 628 1204 significatio
650 1121 741 1188 verbi
763 1139 918 1203 apparere
940 1123 1066 1202 potest,
1089 1120 1186 1184 tertia
1209 1124 1275 1200 est,
1298 1119 1331 1185 in

175 1236 241 1300 qua
264 1224 314 1284 est
331 1217 388 1282 illa
410 1223 531 1296 status,
565 1235 657 1299 quern
682 1219 862 1285 subiectum
885 1235 955 1284 esse
978 1216 1081 1283 voluit
1102 1216 1169 1282 sive
1190 1215 1224 1281 id
1246 1217 1332 1299 quod

175 1315 337 1396 explicata
360 1317 429 1382 eius
458 1317 583 1382 actione
605 1316 737 1398 prodiit,
770 1335 809 1382 ex
832 1333 894 1398 quo
917 1316 1063 1398 sequitur
1091 1321 1240 1381 naturam
1262 1313 1331 1381 eius

175 1431 247 1479 esse
269 1413 443 1494 duplicem,
467 1431 530 1494 qua
544 1411 653 1480 differt
672 1433 692 1479 a
711 1412 821 1480 formis
836 1413 960 1479 duabus
980 1411 1150 1496 prioribus,
1173 1411 1331 1478 actionem

174 1511 258 1576 enim
282 1516 316 1576 et
335 1516 454 1576 statum
478 1511 572 1577 simul
593 1511 744 1578 continet.
790 1509 916 1588 Status,
939 1511 980 1576 de
1002 1526 1065 1590 quo
1087 1509 1138 1576 bio
1160 1507 1331 1591 loquimur,

173 1609 294 1690 pendet
315 1607 406 1689 quasi
429 1626 468 1673 ex
491 1609 617 1674 actione
639 1626 722 1690 quae
745 1625 817 1672 eum
840 1607 988 1690 protulit,
1018 1609 1065 1672 ita
1087 1611 1209 1672 utnon
1229 1607 1334 1689 possit

175 1712 243 1776 sine
271 1711 326 1776 illa
348 1706 491 1787 cogitari.
538 1706 653 1787 Itaque
675 1704 755 1772 haee
777 1705 876 1776 aetio,
906 1706 1032 1771 etiamsi
1059 1703 1149 1772 finita
1178 1712 1211 1774 et
1233 1708 1274 1774 ad
1296 1703 1333 1770 fi-

175 1827 248 1874 nem
271 1808 427 1890 perducta
449 1810 516 1880 est,
547 1807 653 1869 tamen
675 1819 803 1884 semper
824 1804 997 1870 etiamnum
1020 1803 1054 1869 in
1076 1810 1177 1882 statu,
1209 1804 1264 1886 qui
1294 1823 1333 1870 ex

176 1924 214 1971 ea
248 1904 384 1987 prodiit,
405 1901 616 1968 animadverti
642 1907 750 1982 potest
776 1905 810 1966 ιι
835 1919 875 1967 ne
896 1917 979 1967 nuno
1001 1901 1130 1984 quidem
1156 1901 1251 1985 plane
1277 1902 1334 1968 de-

175 2003 230 2069 siit
251 2002 315 2066 vim
336 2003 369 2065 in
392 2018 464 2065 eum
487 2000 615 2066 babere.
661 1997 733 2077 Qua
761 1998 801 2065 de
824 2014 921 2066 eausa
942 2015 1151 2079 quaecunque
1178 2018 1231 2067 res
1259 2017 1333 2066 con-

176 2101 323 2182 iungitur
339 2116 411 2165 cum
428 2097 581 2173 subiecto,
605 2096 690 2177 quod
705 2095 770 2160 tale
790 2095 1011 2178 praedicatum
1025 2096 1133 2174 babet,
1157 2098 1333 2164 etiamnum

177 2202 287 2264 manet
309 2196 479 2272 obiectum,
502 2195 535 2259 in
558 2194 645 2275 quod
668 2194 735 2259 sive
749 2195 853 2275 magis
876 2193 943 2260 sive
965 2195 1070 2260 minus
1092 2195 1263 2276 conspicua
1284 2213 1336 2258 ra·

180 2297 269 2361 tione
292 2293 376 2360 aotio
399 2293 573 2358 etiamnum
596 2297 708 2356 extans
730 2291 793 2356 vim
820 2291 919 2358 habet
941 2296 974 2358 et
995 2293 1081 2372 quod
1102 2293 1222 2373 pendet
1244 2292 1337 2372 quasi

177 2413 217 2461 ex
238 2393 302 2458 illa.
348 2391 411 2457 Sed
438 2391 498 2456 boc
526 2390 685 2456 obiectum
714 2405 778 2454 non
808 2388 1048 2470 comprehendit
1076 2390 1168 2470 quasi
1196 2395 1230 2454 et
1252 2407 1337 2455 conr·

178 2491 333 2574 plectitur
354 2489 410 2554 illa
431 2487 525 2564 actio,
546 2485 812 2566 quemadmodum
833 2483 992 2552 obiectum
1014 2485 1047 2551 in
1069 2487 1252 2553 accusativo
1279 2505 1337 2570 po·

179 2588 286 2664 situm,
307 2585 447 2667 alioquin
470 2584 554 2650 enim
577 2584 660 2650 actio
684 2601 718 2650 se
741 2583 916 2663 explicaret
938 2584 1122 2662 etiamnum,
1145 2584 1202 2650 sed
1224 2594 1338 2650 contra

180 2703 274 2766 quam
297 2683 377 2748 illud
398 2689 485 2749 caira
506 2683 650 2744 uodonem
671 2699 702 2744 se
725 2685 919 2758 replicantem
941 2681 1081 2762 positum
1104 2688 1164 2759 est,
1186 2683 1336 2762 quoniam

179 2783 339 2849 actionem
363 2779 455 2861 quasi
476 2778 571 2862 plana
594 2778 784 2860 explicatam
806 2783 840 2843 et
860 2777 901 2843 ad
923 2773 1018 2843 finem
1033 2778 1224 2860 perductam
1249 2779 1337 2862 cogi·

178 2879 242 2944 tari
264 2878 457 2959 postulatur.
501 2877 565 2944 Ubi
588 2876 672 2942 aetio
696 2895 734 2941 eo
757 2892 930 2958 progressa
957 2882 1022 2957 est,
1059 2877 1163 2958 tangit
1190 2875 1247 2943 illa
1266 2877 1337 2957 qui-

179 2975 253 3041 dem
276 2975 436 3041 obiectum
460 2979 555 3040 extra
575 2992 610 3040 se
631 2973 771 3055 positum
792 2989 891 3052 seque
912 2973 1076 3056 coniungit
1090 2991 1161 3039 oum
1178 2992 1228 3052 eo,
1251 2992 1337 3040 oom-

180 3072 277 3154 plecti
292 3077 397 3138 tamen
414 3071 492 3136 illud
508 3089 571 3136 non
586 3076 702 3153 potest
747 3069 903 3153 Tangitur
923 3070 1023 3152 igitur
1038 3071 1196 3136 obiectum
1212 3071 1338 3137 actione

180 3170 221 3236 ad
244 3167 338 3236 finem
361 3169 526 3250 perducta,
548 3170 595 3234 ita
617 3173 654 3235 ιιι
673 3169 734 3233 vim
757 3168 789 3232 in
811 3168 890 3233 illud
905 3166 1031 3245 babeat,
1055 3168 1214 3234 diversam
1229 3173 1339 3234 tamen

182 3268 270 3335 illam
293 3267 334 3334 ab
357 3287 404 3344 ea,
427 3284 522 3347 quam
544 3265 577 3331 iu
598 3265 777 3332 accusativo
801 3263 1078 3347 deprehendimus.

270 3365 319 3430 Ex
334 3364 438 3431 altera
451 3368 545 3446 parte
562 3360 752 3444 significatio
767 3367 872 3428 status
890 3361 999 3429 iubae
1019 3362 1117 3429 tertia
1132 3365 1222 3430 verbi
1236 3363 1339 3430 forma

182 3461 359 3546 spectanda
381 3466 441 3527 est.
479 3459 572 3538 Quod
595 3461 622 3524 si
644 3459 822 3537 fecerimus,
845 3460 1016 3542 apparebit
1036 3459 1196 3526 obiectum
1218 3461 1338 3528 nullius

181 3559 264 3626 alius
287 3555 530 3641 significationis
551 3557 613 3623 nisi
635 3557 798 3638 passivae,
833 3575 915 3638 quaa
942 3557 984 3622 sit
1014 3576 1052 3623 ex
1074 3557 1211 3624 adverso
1232 3562 1339 3640 posita

179 3673 288 3724 merae
310 3661 345 3723 ιι
365 3655 529 3723 liberrima
557 3673 591 3722 se
615 3653 784 3736 explicanti
812 3655 947 3733 actioni,
981 3655 1032 3721 bio
1062 3672 1124 3721 non
1151 3657 1215 3722 iam
1242 3676 1338 3740 posse

180 3755 325 3837 eogitari.
368 3754 470 3820 Immo
499 3753 611 3820 eadem
638 3751 679 3818 de
707 3768 819 3830 causa,
853 3767 936 3833 quac
963 3753 1026 3819 ianr
1054 3753 1088 3821 in
1116 3755 1219 3837 prima
1248 3757 1339 3823 verbi

179 3850 283 3938 forma
305 3849 536 3920 consideranda
557 3849 692 3916 similem
714 3849 748 3914 in
769 3850 899 3917 modum
920 3850 1048 3932 prolata
1070 3857 1135 3931 est,
1164 3850 1201 3917 iit
1221 3859 1259 3918 ut
1281 3855 1338 3922 ob·

179 3950 298 4016 iactum
319 3951 399 4016 item
420 3949 484 4015 vim
505 3947 625 4014 babeat
645 3946 679 4012 in
699 3950 820 4014 statum
843 3947 995 4025 subiecti,
1029 3949 1085 4030 qui
1110 3950 1210 4016 verbo
1233 3953 1339 4035 expri-

180 4047 289 4111 mitur.
333 4047 480 4130 Apparet
501 4046 597 4123 enim,
619 4061 681 4125 quo
703 4044 807 4126 magis
829 4045 964 4111 actionis
985 4046 1074 4112 notio
1097 4063 1136 4113 er
1157 4050 1256 4116 verbo
1278 4050 1338 4115 tol-

180 4142 267 4208 latum
289 4142 467 4212 otiosius
489 4143 594 4210 locum
621 4143 710 4210 notio
739 4141 845 4210 statds
870 4143 1038 4221 succedat,
1072 4161 1110 4210 eo
1145 4147 1248 4230 magis
1276 4149 1339 4212 vim

182 4241 320 4308 aeduam
343 4245 377 4308 ιι
398 4238 559 4308 efficacem
582 4238 814 4308 enunciationis
835 4239 868 4306 in
889 4239 984 4307 aliam
1005 4240 1169 4318 notionem
1190 4244 1339 4328 uansira,

1061 4345 1123 4410 19*
