3004 4764
470 285 499 324 11.
527 282 697 324 Pnononins
711 281 965 322 DEMONSTRATIVA·
1243 285 1304 344 373

158 460 256 522 demet
282 458 338 518 tito
366 452 434 522 ΒΟ.
465 473 540 533 quae
569 457 673 520 illust?
715 455 811 520 Poen.
834 455 913 536 prol.
937 473 966 518 v.
984 457 1059 518 119:
1079 453 1145 522 lta,
1168 456 1217 530 qui
1240 454 1310 514 edo-

157 560 254 636 ptcuit
276 558 354 618 huno
378 555 434 616 sibi
456 573 511 630 pro
533 555 606 630 filio,
626 557 661 615 Is
681 554 726 614 illi
747 555 847 615 Poeno
869 557 991 616 huiusce
1013 555 1093 630 petri
1115 555 1223 626 hospes
1245 550 1310 612 fuit.

158 653 250 734 Epid.
273 652 332 732 ΠΙ,
355 656 385 731 4,
410 655 462 715 18:
496 655 550 714 Pol
573 671 628 729 ego
649 654 742 729 magis
764 671 853 713 unum
877 669 1000 728 quaero,
1030 667 1112 711 meas
1135 651 1204 726 quoi
1224 667 1311 725 praa-

159 753 267 825 dicam,
292 753 385 826 Quam
407 752 493 813 illam
515 754 567 827 qui
588 758 732 812 memoret
754 768 822 811 suas
843 751 924 810 mibi.
968 745 1064 811 Most.
1080 744 1123 825 II,
1141 750 1168 825 1,
1186 749 1242 810 51:
1265 748 1313 806 Ita

156 851 208 910 ille
229 848 303 910 faxit
319 851 461 926 Iuppiter.
484 850 545 909 Ille
555 844 711 918 δεικτικῶς,
734 866 762 911 v.
779 845 884 912 adnot.
901 845 1031 910 Taubm.
1049 842 1124 908 dist.
1140 841 1195 921 IV,
1212 846 1240 920 2,
1257 847 1311 905 71:

161 949 203 1008 At
224 949 280 1009 sibi
301 947 353 1008 ille
375 948 496 1022 quidam
518 951 579 1008 volt
602 947 666 1007 dari
688 947 865 1008 mercedem.
908 942 978 1008 HA.
1011 947 1052 1005 At
1074 947 1123 1019 pol
1149 942 1204 1002 illo
1224 957 1312 1014 puuc-

159 1045 228 1104 ddm
251 1042 394 1116 (Taubm.
419 1034 436 1104 ὁ
460 1039 551 1118 δεῖνα)
574 1046 607 1107 et
628 1060 656 1106 v.
674 1047 730 1106 74:
753 1045 794 1104 At
816 1046 893 1104 euim
914 1044 966 1102 itte
988 1041 1119 1116 quidam
1141 1042 1256 1116 mulier,
1278 1043 1310 1099 in

159 1145 242 1202 nulla
277 1159 369 1217 opera
403 1143 573 1217 gratuitast.
616 1139 771 1220 Exempla
804 1137 1031 1204 coniunctionis
1058 1140 1108 1200 ille
1135 1140 1222 1206 alter,
1256 1136 1311 1200 ubi

157 1238 209 1298 itte
236 1235 455 1302 disiunctiouis
486 1253 583 1302 eausa
616 1237 760 1316 additur,
794 1235 933 1302 Haasius
967 1235 1008 1300 ad
1034 1235 1152 1316 Reisig.
1180 1253 1210 1315 p.
1239 1237 1310 1310 360,

160 1335 266 1401 adnot.
290 1339 351 1399 365
374 1333 468 1399 affert
488 1334 582 1400 haee:
604 1333 689 1399 Men.
710 1334 791 1414 prol.
814 1354 842 1399 v.
867 1337 915 1398 26.
940 1336 998 1398 28:
1033 1336 1153 1410 inponit
1179 1336 1310 1412 gemino-

160 1453 226 1496 rum
248 1437 375 1494 alterum
397 1435 428 1494 in
450 1453 555 1496 navem
576 1442 672 1510 pater,
691 1465 727 1476 -
745 1435 840 1495 Illum
862 1435 983 1509 reliquit
1004 1434 1130 1500 alterum
1150 1431 1229 1507 apud
1249 1447 1310 1490 ma·

158 1540 236 1593 trem
257 1533 351 1609 domi,
373 1529 415 1595 ib.
439 1549 468 1595 v.
491 1535 529 1595 41
554 1544 615 1610 sq.:
644 1535 782 1593 Immutat
808 1533 989 1608 geminorum
1016 1549 1123 1592 nomen
1150 1548 1220 1592 avos
1242 1530 1310 1589 huic

158 1632 256 1693 alteri.
300 1632 348 1690 Ita
368 1631 453 1690 illam
476 1632 593 1704 dilexit,
628 1633 678 1705 qui
700 1631 888 1706 subruptust,
922 1630 1060 1702 alteram,
1094 1625 1179 1691 irin.
1202 1624 1257 1704 IV,
1282 1627 1310 1701 3,

160 1732 199 1792 59
222 1741 285 1806 sq.:
319 1730 439 1788 Partem
469 1730 594 1788 alteram
616 1729 683 1788 Tibi
710 1730 869 1803 permitto,
904 1729 987 1787 illam
1013 1728 1138 1786 alteram
1165 1731 1237 1801 aput
1263 1740 1309 1782 me

161 1827 240 1901 quod
267 1827 366 1886 borist
388 1826 543 1901 adponito,
567 1822 694 1888 Terent.
718 1821 850 1903 Adelph.
873 1822 911 1904 V,
933 1830 964 1903 4,
989 1828 1041 1888 17:
1075 1825 1125 1884 ille
1147 1825 1224 1882 alter
1245 1823 1308 1882 sino

158 1925 260 1985 labore
288 1925 386 1998 patria
407 1925 520 1999 potitur
543 1922 701 1984 commoda.
746 1919 844 1986 Andr.
867 1920 892 2000 l,
918 1925 946 2000 5,
972 1925 1005 1985 2:
1040 1923 1110 1998 quid
1136 1919 1214 1980 etad
1241 1919 1308 1980 est?

157 2018 216 2083 Ad.
231 2017 291 2099 111,
314 2022 343 2098 2,
363 2022 397 2082 8:
421 2038 507 2096 quem
530 2038 625 2095 neque
646 2020 720 2080 fides
743 2037 839 2095 neque
861 2022 907 2081 ius
929 2021 1084 2081 iurandum
1106 2036 1201 2095 neque
1223 2018 1309 2078 illum

156 2119 363 2178 misericordia
381 2119 546 2193 Repressit,
570 2115 625 2180 ubi
639 2132 702 2180 non
716 2119 815 2195 recte,
836 2115 958 2197 opinor,
980 2116 1118 2181 Hessius
1133 2115 1174 2180 ad
1188 2113 1307 2193 Reisig.

157 2232 188 2293 p.
203 2219 274 2293 377,
297 2214 404 2278 adnot.
418 2221 478 2280 379
494 2215 535 2278 ad
546 2215 631 2276 album
645 2212 761 2278 iterum
778 2231 862 2288 quem
876 2219 981 2279 mente
996 2213 1174 2278 addendum
1190 2215 1309 2291 censet,

157 2311 205 2374 ita
220 2315 258 2375 ut
272 2310 353 2376 hano
369 2310 620 2376 coniunctionem
635 2311 768 2376 duorum
784 2311 1004 2392 pronominum
1019 2310 1201 2388 habeamus,
1224 2327 1309 2384 quea

158 2409 254 2476 ittam,
278 2408 335 2472 sed
349 2409 456 2488 potius
471 2409 512 2473 ad
528 2426 599 2472 eum
615 2425 708 2472 usum
723 2406 783 2474 hoc
797 2407 910 2488 refero,
927 2411 981 2489 qui
996 2408 1093 2473 ctiam
1108 2406 1192 2487 apud
1208 2405 1308 2470 Grae·

161 2519 213 2568 cos
237 2509 338 2583 extat,
361 2509 411 2584 ut,
438 2505 540 2570 sicubi
563 2505 625 2568 dno
649 2505 815 2570 enunciata
837 2508 868 2569 ἐκ
890 2501 1086 2588 παραλλήλου
1107 2504 1211 2585 posita
1233 2509 1308 2569 sunt

159 2600 192 2665 in
215 2601 373 2666 sententia
391 2602 535 2682 relativa,
556 2593 646 2683 prius
669 2607 792 2667 tantum
808 2623 866 2685 per
879 2603 1047 2670 relativum
1062 2621 1235 2683 pronomen
1254 2621 1308 2668 ex-

159 2698 325 2781 primatur,
349 2699 484 2764 alterum
507 2703 613 2764 autem
635 2718 693 2780 per
715 2701 1007 2782 demonstrativum,
1030 2699 1068 2766 cf.
1092 2699 1119 2781 ᾖ.
1144 2705 1183 2766 25
1206 2698 1277 2764 add.

246 2796 338 2873 Quod
364 2799 405 2862 ad
431 2817 586 2863 nummum
611 2797 807 2878 pronominis
840 2803 890 2862 ttle
916 2800 1046 2879 attinet,
1082 2799 1178 2864 etiam
1212 2797 1308 2862 huius

159 2895 353 2976 pronominis
378 2896 513 2976 pluralis
546 2894 706 2977 reperitur
739 2897 780 2961 ad
815 2897 1051 2964 substantivum
1084 2913 1308 2978 praegressum

153 2991 329 3074 ¹singularis
351 2994 476 3058 numeri
498 2993 645 3072 relatum,
669 2995 759 3060 cuius
781 2993 967 3076 significatio
991 2999 1040 3060 est
1062 2993 1235 3070 collectiva,
1257 3010 1308 3071 ap.

159 3089 267 3155 (laton.
292 3091 328 3155 R.
357 3091 394 3156 R.
418 3111 444 3158 c.
469 3096 503 3157 5:
539 3095 627 3154 scibit
641 3095 671 3154 iu
687 3101 786 3156 mente
802 3096 932 3156 familiae
948 3097 1019 3171 quid
1034 3098 1081 3170 sit,
1106 3101 1136 3154 et
1149 3094 1197 3153 altr·
1211 3095 1308 3153 animo

159 3193 298 3268 aequiore
321 3190 442 3252 facient.
480 3190 563 3255 Item
585 3191 733 3254 attractio
756 3209 849 3256 casus
873 3196 960 3257 extat
986 3192 1019 3256 in
1041 3190 1100 3256 hoo
1122 3188 1307 3271 pronomine

156 3285 324 3351 coniuncto
348 3305 418 3352 cum
441 3288 625 3368 pronomine
648 3288 790 3353 relativo.
835 3289 886 3355 Sic
908 3277 1010 3356 Plaut.
1032 3289 1115 3354 Men.
1131 3288 1174 3368 ΙΙ,
1198 3292 1228 3366 2,
1251 3290 1306 3351 31:

157 3387 314 3448 Nummum
335 3386 420 3446 illam
441 3405 527 3461 quem
549 3392 619 3449 mihi
642 3390 751 3449 dudum
773 3389 934 3463 pollicitu’s
958 3391 1043 3463 dare,
1066 3391 1188 3463 Iubeas,
1212 3387 1237 3447 si
1260 3403 1307 3446 sa-

157 3487 239 3560 pias,
275 3486 430 3561 porculum
453 3484 564 3546 adferri
587 3489 655 3562 tibi,
689 3485 744 3549 ubi
770 3485 842 3550 vide
864 3486 964 3567 intpp.
988 3485 1074 3550 Trin.
1097 3483 1153 3564 IV,
1176 3487 1204 3560 2,
1231 3486 1304 3546 143:

160 3585 236 3655 Quia
256 3583 343 3643 illum
364 3601 449 3657 quau
476 3582 644 3646 ementitu’s
672 3587 698 3646 is
721 3602 775 3661 ego
799 3604 861 3646 sum
889 3588 972 3662 ipsus
995 3586 1180 3646 Charmides.
1225 3581 1306 3646 Rnd.

157 3676 214 3758 IV,
236 3684 266 3758 4,
291 3684 346 3743 21:
368 3681 453 3742 illam
475 3698 560 3754 quem
583 3683 629 3758 [tu
651 3682 720 3744 iano
741 3684 884 3762 Venerio]
907 3684 1025 3745 Dudum
1047 3687 1183 3744 lenonem
1206 3688 1306 3741 extru-

159 3778 232 3851 sisti,
256 3780 319 3838 eius
341 3779 470 3839 vidulum
492 3781 541 3839 hic
564 3783 702 3841 eccillum
725 3780 850 3857 [habet].
888 3781 1016 3844 Terent.
1032 3779 1112 3844 Enn.
1129 3775 1189 3855 ΙΙΙ,
1211 3781 1306 3856 3,18.

156 3870 201 3934 Et
223 3873 268 3940 sic
288 3879 396 3954 potest
425 3874 561 3940 formasa
592 3875 687 3939 etiam
715 3877 866 3957 explicari
896 3877 976 3942 Eun.
998 3878 1077 3957 prol.
1101 3895 1129 3939 v.
1156 3879 1195 3938 10
1218 3891 1303 3954 squ:

156 3971 255 4046 Atque
276 3974 308 4032 iu
332 3975 504 4038 Thensauro
533 3976 666 4050 scripsit,
701 3993 820 4038 causam
847 3978 947 4038 dicere
975 3979 1061 4038 Prius
1088 3975 1165 4037 unda
1192 3977 1307 4050 petitur

157 4085 259 4129 aurum
284 4089 342 4146 qua
362 4089 395 4132 re
419 4074 459 4133 sit
481 4089 577 4142 suom,
612 4075 706 4147 Quam
727 4075 790 4136 illic
811 4076 862 4148 qut
884 4077 974 4151 petit,
1008 4077 1085 4136 unde
1108 4079 1134 4139 is
1157 4079 1197 4139 sit
1219 4079 1305 4139 then-

153 4183 263 4227 saurus
286 4169 351 4244 sibi,
375 4168 430 4233 ubi
450 4170 536 4230 ittam
552 4173 727 4249 exspectas,
750 4170 811 4236 nisi
825 4171 931 4251 potius
947 4189 1018 4235 oum
1031 4172 1159 4238 Donato
1181 4173 1305 4254 ellipsin

154 4278 184 4326 v.
202 4264 283 4326 dicet
300 4267 442 4330 statuere
458 4265 546 4330 velis.
569 4266 702 4341 nataae
712 4268 907 4347 pronominis
917 4268 1077 4337 ittehabcs
1088 4269 1191 4336 Plaut.
1204 4271 1301 4338 Poen.
