3004 4764
266 250 328 308 405
712 255 839 300 raonem.
854 261 917 304 our.
931 263 968 302 vr.

265 433 296 495 p.
322 419 385 488 33).
407 417 493 484 Pers.
516 420 578 502 IV,
602 431 635 506 7,
660 433 693 493 1:
730 433 889 511 Poetqrem
911 440 975 500 illic
997 441 1080 515 abiit,
1102 441 1207 504 uiuere
1233 445 1290 506 hie
1314 447 1429 517 daddus

259 517 340 576 lieet.
357 514 449 582 True.
466 517 521 600 IV,
538 525 569 602 4,
586 527 641 590 31:
657 529 758 590 dicore
774 533 822 592 hio
834 535 951 608 quidvis
965 540 1044 600 lieet.
1061 535 1127 602 Mil.
1143 537 1185 615 Π,
1204 545 1240 616 4,
1256 547 1293 605 5:
1306 545 1428 620 loquere

260 616 388 686 auidas.
431 613 536 682 Pleuli
556 618 666 705 fragm.
682 625 845 694 Artemon.
861 649 892 711 p.
909 638 986 698 476:
1023 639 1109 699 Nune
1123 641 1197 700 mihi
1214 641 1299 702 licet
1313 641 1428 714 quiduis

260 713 349 788 loqui.
393 711 508 779 Pseud.
535 735 564 781 v.
589 724 669 785 471:
706 728 769 803 Age
792 731 914 805 loquere
937 734 1063 806 quiduis.
1105 733 1207 800 Mers.
1233 735 1284 812 V,
1316 743 1352 816 2,
1377 740 1426 800 66:

259 818 330 885 epta
352 829 423 888 ergo
446 817 482 876 ob
498 817 595 879 istuue
610 824 748 884 nunaium
763 827 880 897 quidvis
894 832 957 890 tibi.
994 830 1082 897 Pers.
1098 831 1152 912 IV,
1167 839 1197 909 4,
1219 839 1282 898 56:
1305 839 1425 912 exquire

258 909 383 981 quidvis.
420 907 501 975 Rud.
539 913 577 993 V,
614 920 644 996 2,
677 923 732 983 48:
769 925 857 986 Praei
887 929 985 991 verbis
1013 933 1137 1005 quidvis.
1175 931 1281 997 Truo.
1307 931 1346 1012 V,
1372 936 1425 998 32:

256 1007 381 1082 Quidvis
394 1006 470 1070 fuce.
507 1009 634 1078 Terent.
650 1014 746 1083 Andr.
768 1018 810 1100 V,
832 1028 866 1099 4,
892 1030 927 1089 l:
964 1029 1031 1090 Una
1053 1030 1155 1090 harum
1178 1033 1314 1104 quaevis
1338 1049 1424 1093 eausa

256 1121 303 1165 me
325 1111 359 1166 ut
380 1104 488 1169 faulam
509 1118 617 1173 morea
663 1113 743 1179 Eun.
765 1117 790 1194 I,
815 1123 844 1199 2,
869 1126 923 1188 97:
959 1127 1075 1199 quidvis
1095 1146 1215 1203 possem
1241 1132 1405 1206 perpetis

343 1200 447 1268 Pluul.
470 1205 564 1272 Poen.
587 1207 624 1288 V,
647 1214 675 1289 2,
702 1219 777 1280 127:
801 1220 858 1281 Dio
880 1223 960 1297 mihi,
983 1225 1055 1296 quid
1077 1227 1162 1287 lubet.
1199 1224 1242 1306 V,
1270 1230 1303 1306 6,
1331 1228 1422 1290 1511

259 1301 311 1362 16:
345 1302 432 1364 Sume
455 1305 523 1366 hina
545 1309 702 1382 quadraret.
749 1313 835 1380 Pers.
857 1315 914 1398 IV,
937 1324 967 1395 4,
991 1324 1047 1384 54:
1084 1325 1112 1383 A
1128 1332 1212 1386 terra
1237 1327 1283 1386 ad
1308 1326 1420 1386 eaelum

257 1397 417 1470 1111111111.
462 1401 585 1468 Terent.
608 1405 725 1474 Heaut.
748 1410 808 1492 111,
835 1419 862 1495 l,
886 1419 940 1482 55:
977 1421 1084 1482 Faciat
1106 1422 1273 1495 releuaret.

141 1497 151 1526 ⁸
340 1494 623 1567 Commemoranda
656 1511 706 1571 est
733 1509 829 1576 etiam
862 1511 964 1579 forma
990 1535 1126 1591 umquem
1148 1518 1278 1582 vetusti
1302 1533 1416 1598 prono·

257 1591 350 1660 minis
371 1595 526 1664 indefiniti
547 1607 673 1682 umque,
698 1623 792 1686 quam
814 1610 957 1677 restituit
967 1613 1127 1694 Bergkius
1148 1615 1180 1678 in
1194 1615 1318 1680 Philol.
1339 1617 1413 1678 1861

252 1691 283 1770 Ι,
310 1710 341 1773 p.
370 1700 407 1758 el
437 1713 488 1776 ap.
532 1698 637 1766 Plaut.
664 1704 779 1770 Bacch,
807 1727 835 1772 v.
863 1711 938 1773 121:
974 1716 1023 1774 An
1043 1731 1102 1775 non
1123 1718 1240 1790 putasti
1265 1732 1337 1776 esse
1359 1729 1415 1774 are

253 1792 359 1864 dmm?
392 1791 509 1859 Festus
530 1815 561 1878 p.
586 1804 660 1866 162:
699 1807 783 1879 „Nee
804 1827 950 1886 umquem,
973 1830 1030 1874 neo
1050 1830 1186 1888 umquam
1204 1807 1412 1890 quemquam·“

339 1894 390 1954 40.
412 1891 461 1956 Ad
483 1892 562 1960 haec
583 1898 738 1964 accedunt
760 1904 864 1969 omnia
879 1923 918 1972 ea
933 1907 1311 1990 pronominaindefinita,
1337 1922 1410 1988 quae

256 1986 427 2052 transitum
452 1987 572 2056 faciunt
597 1995 639 2059 ad
665 2001 841 2065 numeralia
868 2012 962 2084 (quoe
988 2007 1059 2088 ipsa
1086 2024 1213 2088 quoque
1232 2007 1327 2072 inter
1343 2021 1408 2086 1³1⁰·

253 2083 381 2148 nomina
416 2089 611 2156 recensenda
647 2111 717 2161 esse
752 2099 888 2177 putabat
912 2101 1086 2170 Prueforus
1114 2105 1196 2170 Krit.
1236 2105 1301 2172 der
1323 2102 1401 2168 hebr.

253 2178 523 2265 Grammatologie
549 2204 579 2267 p.
610 2196 698 2272 314),
727 2211 825 2273 quum
853 2196 998 2278 plurimis
1021 2219 1132 2268 eorum
1154 2204 1231 2271 item
1258 2214 1401 2268 numerus

252 2277 381 2358 quidam
404 2279 612 2366 significetur,
635 2291 753 2367 partim
775 2293 877 2376 magis
899 2293 1082 2378 indefinita„
1095 2300 1145 2382 (ut
1167 2301 1194 2365 si
1217 2301 1344 2366 dicitur
1364 2301 1404 2364 tot,

251 2385 331 2458 uuor,
370 2397 480 2462 omnes,
516 2387 673 2469 periura),
709 2392 827 2471 partim
864 2393 944 2460 adeo
974 2395 1172 2464 distinctiora
1199 2399 1333 2464 ratione
1362 2396 1406 2473 (ut

254 2479 355 2555 omno,
391 2481 479 2557 alter)
509 2499 603 2562 quam
632 2487 716 2553 veris
738 2491 962 2558 numeralibus,
1006 2493 1177 2576 Complura
1199 2513 1316 2562 eorum
1339 2493 1405 2560 sunl

251 2574 458 2658 correlative,
496 2585 762 2660 quemadmodum
791 2589 851 2655 sibi
877 2595 988 2656 mutuo
1021 2592 1216 2674 respondent
1236 2602 1308 2658 ater
1339 2593 1406 2652 ulter

248 2679 353 2734 mur
389 2679 499 2740 uteros
534 2686 664 2759 11111111,
700 2688 780 2749 ullas
812 2691 921 2759 aulius,
958 2695 1057 2752 luntas
1089 2697 1226 2772 urceolos,
1259 2699 1304 2756 toi
1334 2689 1402 2765 1111

252 2771 322 2832 11171
347 2775 452 2845 naulis.
498 2773 638 2852 Quorum
659 2780 855 2863 singulorum
878 2785 917 2852 de
939 2805 1000 2852 usu
1023 2788 1177 2869 singulari
1199 2807 1284 2869 quae
1306 2786 1402 2854 habeo

251 2867 367 2946 dicere,
390 2889 474 2938 nuno
497 2873 646 2957 deinceps
668 2877 808 2946 afferam.

339 2987 366 3032 a.
388 2970 488 3046 Alter,
513 2987 594 3051 quae
617 2980 668 3040 est
687 2979 878 3060 primigenia
900 2978 1097 3063 significatio,
1119 2983 1166 3048 ila
1187 2985 1333 3064 ponitur,
1365 2981 1397 3042 ui

248 3061 291 3128 de
325 3065 449 3132 duobus
478 3073 602 3136 tantum
630 3081 760 3156 agatur,
791 3081 824 3142 et
851 3077 919 3143 fere
945 3080 1028 3146 idem
1053 3082 1209 3162 estquod
1232 3080 1396 3153 secundus,

243 3159 440 3246 1111111111
462 3167 513 3232 vel
535 3166 716 3253 1111111111.
760 3173 812 3240 Sic
841 3176 944 3244 Plaut.
965 3178 1078 3259 Amph.
1094 3179 1135 3250 ΙΙ,
1160 3187 1186 3259 1,
1204 3183 1252 3244 66.
1279 3178 1397 3260 2‚199=

249 3263 339 3323 Certe
368 3265 404 3324 de
434 3267 511 3329 istoc
532 3272 749 3346 Amphitruone
771 3276 830 3336 iam
853 3277 979 3338 1111111111
999 3281 1135 3340 mirumst
1154 3283 1258 3356 magis.
1303 3277 1344 3354 V,
1374 3276 1396 3345 l,

250 3363 306 3422 72:
342 3361 480 3424 Alterum
502 3373 581 3428 tuum
606 3387 671 3431 esse
700 3372 776 3434 dixit
795 3391 929 3448 puerum.
967 3373 1019 3440 sio
1039 3375 1133 3440 etiam
1149 3377 1275 3440 alierum
1290 3381 1397 3438 tautum

248 3457 341 3537 Epid.
364 3458 424 3539 ΙΙΙ,
446 3466 476 3540 4,
499 3465 549 3527 81.
587 3462 852 3547 significationem
875 3467 926 3534 111
949 3469 1014 3536 elue
1037 3484 1098 3536 rou
1121 3471 1225 3538 belbas
1240 3475 1337 3540 habet
1350 3483 1394 3545 up.

248 3553 326 3620 Feb.
354 3556 435 3622 Piot.
465 3559 569 3627 orinal.
593 3562 685 3640 (Geli,
709 3565 746 3644 V,
769 3565 817 3647 4):
840 3571 917 3632 alter
939 3576 1052 3634 consul.
1096 3571 1219 3638 Deinde
1240 3578 1347 3638 autem
1366 3563 1395 3626 in

246 3653 431 3720 universum
464 3657 610 3737 exprimit
639 3681 807 3743 personam
837 3667 904 3732 sive
932 3685 1001 3734 rem
1028 3668 1185 3736 diversam
1206 3669 1247 3736 ab
1269 3687 1324 3748 eo,
1357 3660 1393 3726 di

247 3765 311 3828 qua
337 3750 510 3833 loquimur,
541 3758 594 3822 oui
620 3778 659 3825 ex
685 3763 820 3828 adverso
846 3764 983 3845 ponitur.
1027 3765 1118 3832 Hono
1140 3766 1393 3848 significationem

247 3847 357 3914 mullis
391 3853 542 3933 exemplis
580 3861 795 3940 comprobavit
816 3861 949 3944 Lingius
986 3871 1109 3944 quaeso
1161 3865 1265 3932 Plaut.
1302 3883 1332 3945 p,
1354 3859 1390 3924 57

247 3943 372 4012 dicens:
416 3953 521 4022 ,Alter
541 3956 672 4034 ponitur
693 3977 751 4040 pro
772 3979 859 4032 unus,
880 3964 976 4032 ullus,
1000 3966 1036 4028 ul
1057 3981 1141 4026 neno
1164 3966 1240 4028 ulter
1261 3964 1303 4028 alt
1325 3960 1343 4024 i.
1364 3971 1391 4034 (Ι

246 4061 330 4106 eremo
353 4051 441 4121 111111,
462 4069 546 4114 uerno
559 4074 645 4126 onus,
667 4075 751 4120 nemo
766 4061 930 4136 remquam
950 4077 1032 4141 quae
1047 4060 1174 4141 saepius
1188 4061 1390 4143 reperiuntur·

245 4140 349 4209 Plaut.
371 4145 455 4214 Men.
479 4149 521 4229 V,
545 4157 584 4233 9,
608 4158 662 4220 29;
705 4159 780 4219 Nom
803 4160 950 4223 homiuem
973 4162 1099 4224 hominis
1122 4162 1292 4225 similiorem
1315 4169 1389 4219 num·

244 4255 333 4314 onum
355 4248 414 4309 vidi
437 4267 493 4326 ego
516 4253 650 4316 alienam.
695 4252 809 4334 Amph.
831 4253 857 4334 I,
883 4260 910 4335 1,
938 4261 969 4322 l:
1005 4260 1061 4332 Qui
1081 4273 1129 4320 me
1149 4259 1225 4320 azur
1247 4269 1292 4323 est
1307 4252 1387 4320 roda·
