3058 4766
477 283 565 323 casus
581 281 848 324 susaraurrvouun.
868 301 895 310 -
914 281 1017 320 asnar.
1172 267 1175 274 '
1282 291 1318 347 91

164 457 243 516 male
257 459 369 517 mobile
383 461 533 519 memorio.
557 457 686 523 Terent.
701 457 828 522 Phorm.
845 456 887 536 ΙΙ,
913 463 939 534 l,
964 443 1019 520 3'9:
1046 459 1122 518 Nam
1137 457 1168 515 ni
1182 457 1257 517 haee
1279 458 1323 517 ita

167 562 282 631 essent,
305 575 371 616 eam
390 557 442 616 illo
462 558 541 617 hand
565 563 671 633 stares,
693 559 850 620 Phaedria.
894 553 1062 618 Pertinent
1090 552 1152 617 huc
1175 552 1271 618 etiam
1299 553 1323 618 ii

164 648 236 728 loci,
263 651 319 717 ubi
340 671 449 734 praep.
470 673 536 716 oum
558 652 725 718 coniuncta
747 657 796 719 est
818 671 888 720 cum
910 652 1076 734 particulis
1098 657 1194 732 tacto,
1224 655 1321 731 simul,

168 767 267 824 oeque.
314 751 360 815 Ac
392 751 432 816 de
461 755 548 812 tuoto
577 749 703 830 quidem
739 771 809 816 eum
841 769 950 832 praep.
978 771 1044 813 mam
1066 751 1232 816 coniuncto
1260 751 1322 815 iam

167 865 265 927 supra
292 845 339 928 (i.
366 851 422 926 19)
450 847 583 930 egimus.
632 849 681 914 De
708 852 797 912 amad
825 870 892 912 aum
913 849 986 913 vide
1013 847 1163 915 Balbach.
1195 848 1320 912 observ.

166 943 269 1009 Plant.
290 963 320 1026 p.
338 949 387 1011 25.
411 947 510 1011 Poen.
535 945 593 1026 ΙΙΙ,
620 953 647 1025 1,
672 951 712 1012 50
735 965 780 1028 sq.
807 949 914 1029 (quem
935 946 1041 1013 locum
1063 944 1158 1011 affert
1180 945 1318 1010 Gronov.

168 1041 208 1106 ad
229 1041 317 1108 Pers.
340 1043 383 1124 ll,
409 1051 435 1123 1,
460 1047 507 1122 4):

763 1145 872 1220 quippe
896 1161 998 1205 omnes
1020 1146 1112 1205 simol

375 1255 539 1315 Didicimus
563 1261 655 1315 tectam
678 1274 744 1316 una.

164 1368 256 1448 Epid.
279 1367 305 1449 Ι,
336 1375 363 1446 l,
387 1374 444 1433 39:
474 1390 531 1447 qua
554 1390 643 1432 causa
675 1371 764 1432 amal
782 1389 894 1432 mecum
920 1373 964 1431 ire
994 1374 1129 1432 veritust.
1173 1369 1256 1434 Men.
1280 1367 1322 1449 Π,

166 1471 193 1546 3,
218 1471 273 1530 54:
304 1470 314 1527 i
342 1469 397 1528 hac
427 1487 538 1528 meeum
564 1467 713 1546 semal.¹⁷)
763 1465 875 1546 Amph.
904 1466 950 1548 Il,
980 1472 1014 1547 2,
1048 1471 1121 1531 122:
1154 1471 1210 1543 Qui
1239 1469 1322 1543 ipsus

168 1565 303 1641 equidem
327 1585 404 1626 nune
426 1569 552 1642 primum
576 1570 672 1627 istanc
695 1571 788 1628 tecum
810 1568 962 1643 conspicio
984 1569 1084 1628 semul.
1119 1565 1160 1645 ΙΙ,
1191 1569 1219 1643 2,
1244 1569 1304 1628 137
1314 1585 1321 1624 :

164 1665 267 1739 Neque
292 1665 398 1740 edepol
423 1683 477 1740 ego
502 1666 563 1724 dixi
585 1683 681 1740 neque
704 1667 790 1725 istam
813 1665 890 1743 vidi,
921 1667 978 1726 nisi
999 1670 1090 1726 tecam
1112 1665 1212 1725 semul.
1234 1661 1319 1726 Men.

163 1758 202 1840 V,
228 1766 255 1839 l,
280 1765 334 1824 36:

291 1861 321 1930 I,
350 1862 459 1938 Decio,
495 1878 604 1936 quaere
632 1879 727 1921 meum
756 1868 887 1940 patrem,
915 1864 1007 1920 tecum
1037 1860 1127 1920 amal

294 1959 334 2020 Ut
357 1962 458 2019 veniat
482 1959 597 2018 adme.

248 2053 363 2118 Bacch.
387 2053 441 2130 IV,
468 2059 495 2126 1.
518 2060 554 2118 4:
579 2075 655 2116 anne
680 2063 729 2116 eat
750 2075 846 2116 seeum
868 2059 969 2118 semul.
1010 2059 1038 2131 2,
1062 2059 1097 2120 9:
1122 2056 1179 2115 Vel
1202 2062 1235 2114 ut
1250 2055 1319 2116 hinc

162 2153 192 2212 in
214 2155 344 2213 Elatiam
368 2154 455 2214 hodie
479 2162 529 2214 eat
550 2173 646 2214 secum
668 2155 771 2216 semul.
816 2153 899 2217 Men.
923 2153 1001 2232 prol.
1024 2171 1052 2216 v.
1078 2157 1133 2215 27:
1161 2155 1323 2213 Tarentum

162 2252 260 2310 avexit
285 2269 382 2312 secum
412 2253 449 2312 ad
477 2259 639 2313 mercatum
661 2253 758 2312 simul.
806 2249 882 2315 dist.
909 2250 969 2330 IV,
999 2255 1031 2329 2,
1062 2253 1139 2314 103:
1167 2253 1247 2311 intro
1275 2251 1322 2310 abi

164 2366 229 2408 cam
249 2351 325 2408 istoc
346 2351 447 2411 semul.
492 2348 607 2414 Bacch.
631 2347 691 2427 IV,
725 2353 756 2426 l,
784 2354 816 2412 5:
844 2369 909 2410 eum
931 2351 1001 2410 illoc
1024 2366 1116 2424 usque
1143 2349 1194 2408 isti
1220 2349 1321 2410 semol.

164 2443 223 2520 III,
248 2448 276 2523 5,
301 2449 333 2508 2:
360 2453 393 2507 ut
416 2466 481 2506 eum
503 2467 614 2508 mecum
637 2449 673 2508 ad
696 2455 728 2509 te
752 2449 895 2508 adducam
918 2448 1018 2508 semoti.
1043 2443 1140 2509 Stich.
1163 2443 1189 2524 I,
1214 2449 1243 2524 3,
1266 2450 1322 2510 94:

167 2545 284 2603 Mecum
305 2545 406 2604 simitu
429 2553 461 2605 nt
482 2549 543 2608 ires
566 2547 604 2606 ad
628 2564 693 2637 sese
717 2547 842 2607 domum.
871 2543 909 2624 V,
935 2549 964 2624 5,
988 2548 1020 2607 2:
1043 2546 1085 2606 Ut
1108 2563 1163 2619 ego
1185 2545 1241 2604 huc
1264 2545 1322 2603 iam

170 2639 276 2699 dudum
297 2643 397 2704 simitu
419 2646 546 2704 exissem
568 2645 716 2704 uobiscum
738 2643 828 2704 foras.
872 2641 988 2707 Pseud.
1012 2640 1037 2721 Ι,
1063 2645 1090 2720 l,
1115 2645 1169 2704 56:
1192 2641 1264 2702 Oum
1288 2658 1323 2700 eo

168 2741 269 2798 semul.
313 2736 395 2802 Men.
419 2739 456 2815 V,
483 2745 509 2818 l,
532 2743 590 2803 45:
618 2743 683 2816 Ego
711 2749 740 2801 te
762 2743 863 2802 simitu
890 2744 957 2801 novi
983 2758 1049 2799 oum
1070 2739 1249 2799 Porthaone.
1293 2755 1322 2800 v.

165 2836 222 2897 48:
250 2837 326 2896 Novi
354 2856 420 2898 cum
444 2841 555 2900 Colcho
576 2839 673 2899 simul.
718 2836 755 2916 V,
787 2843 816 2917 9,
847 2842 887 2902 23
917 2854 978 2915 sq:
1012 2856 1070 2897 non
1099 2837 1323 2897 commeministi

165 2935 258 2993 semul
301 2937 342 2995 Te
372 2938 461 2997 hodie
491 2955 603 2998 mecam
632 2939 712 2996 exire
743 2955 779 2996 ex
805 2937 893 2997 navi?
937 2931 1033 2997 Mero.
1057 2932 1113 3002 IV,
1140 2939 1170 3013 4,
1200 2937 1254 2996 48:
1282 2935 1324 2995 Ut

167 3033 267 3092 veniat
290 3033 387 3094 adme
404 3036 462 3094 iam
484 3037 579 3095 semul
600 3039 692 3095 tecum
714 3037 780 3096 bne.
805 3033 876 3098 Aul.
899 3032 953 3110 IV,
970 3037 999 3108 4,
1022 3036 1076 3095 28:
1099 3035 1199 3109 Mane,
1223 3049 1323 3092 mane:

168 3132 232 3204 quis
255 3131 318 3191 illic
344 3140 399 3209 est,
423 3133 473 3208 qui
488 3135 567 3194 intus
591 3136 668 3193 alter
692 3142 758 3194 erat
781 3139 873 3193 tecam
894 3131 1049 3205 anatim)
1073 3127 1201 3192 Terent.
1226 3125 1323 3191 Andr.

171 3223 229 3306 III,
253 3230 281 3303 3,
306 3233 340 3290 7:
370 3231 451 3304 Quae
481 3230 644 3305 (amicitia)
675 3235 796 3308 incepta
816 3251 834 3292 a
855 3233 956 3307 parvis
986 3247 1051 3288 oum
1074 3231 1169 3287 aetate
1192 3227 1326 3286 adcrevit

167 3325 265 3386 simul.
310 3325 390 3390 Eun.
414 3325 455 3404 ΙΙ,
485 3332 514 3407 2,
539 3332 595 3391 1οι
626 3328 722 3389 Simul
745 3331 899 3390 consilium
928 3345 993 3387 cam
1017 3344 1049 3385 re
1076 3323 1197 3386 amisti?
1220 3321 1326 3386 Plaut.

168 3420 254 3486 Asin.
278 3421 321 3498 II,
346 3427 374 3500 2,
398 3427 453 3488 66;
482 3430 620 3488 Animum
644 3427 782 3499 advorte,
820 3435 852 3486 ut
881 3443 970 3500 oeque
996 3442 1108 3484 meeum
1134 3424 1209 3483 haec
1238 3423 1324 3482 scias.

167 3517 293 3582 Terent.
324 3517 451 3586 Phorm.
483 3522 525 3601 V,
556 3529 590 3602 9,
618 3527 681 3588 43:
717 3525 794 3585 Novi
821 3542 911 3598 oeque
943 3525 1041 3584 omnia
1076 3521 1192 3580 Tecum.
1241 3517 1325 3582 Loco

239 3703 273 3767 ι’)
295 3705 339 3760 Sic
355 3705 408 3760 hoc
426 3713 454 3760 et
472 3707 608 3762 nonnullis
629 3706 687 3762 aliie
705 3706 772 3761 locis
793 3707 970 3774 sequentibus
989 3705 1077 3775 codd,
1097 3691 1167 3773 quae
1179 3703 1327 3772 antiquita

169 3786 205 3841 tis
225 3789 342 3858 vestigia
359 3787 495 3844 servanda
512 3797 577 3843 sunt
596 3805 656 3844 cum
675 3787 826 3844 Ritsehelio
847 3788 931 3858 praet.
952 3788 979 3841 in
999 3788 1073 3842 Tm’n.
1093 3805 1120 3856 p.
1141 3791 1185 3842 97.

238 3868 274 3933 ¹⁸)
296 3871 341 3925 Sia
358 3870 541 3926 verisimiliter
557 3873 632 3926 buno
648 3887 758 3926 versum
776 3869 1089 3926 emendantdoeilarna.
1109 3872 1174 3939 Ap:
1192 3871 1255 3938 puio
1271 3869 1328 3922 ollio

169 3951 228 4006 rat?
245 3955 309 4022 quis
326 3955 372 4010 bic
389 3956 465 4010 imus
474 3956 543 4010 atur
561 3960 623 4011 erat
639 3960 726 4010 mcum
742 3951 846 4008 aaut?
864 3951 996 4025 ἀμέτρως.
1015 3954 1110 4008 Both-z
1128 3953 1224 4019 Meae,
1238 3966 1326 4004 meae:

170 4037 232 4103 quis
250 4038 307 4092 oilie
324 4044 364 4092 est
381 4039 430 4108 qui
447 4037 492 4092 bie
510 4039 586 4092 intus
604 4055 630 4092 a.
650 4053 672 4090 e.
692 4042 709 4090 t.
729 4052 766 4104 a,
796 4051 875 4104 quem
894 4051 1003 4090 versum
1021 4035 1120 4089 statuit
1138 4039 1327 4088 tetrametrum

170 4117 325 4186 iambicum,
357 4120 430 4189 quod
453 4127 544 4174 tamen
571 4135 668 4189 parum
689 4118 830 4190 probabile
850 4126 892 4172 est
915 4117 942 4170 in
965 4117 1016 4171 hac
1038 4115 1179 4171 vicinitate
1201 4130 1329 4170 versuum

170 4199 376 4256 trochaicorum.
412 4201 533 4258 Weisius
552 4203 615 4270 quia
633 4203 677 4256 ille
695 4207 741 4269 cat,
762 4203 811 4270 qua·
832 4201 876 4254 bie
898 4202 974 4254 intas
993 4206 1067 4267 cett,
1086 4213 1156 4266 quae
1175 4197 1328 4252 emendatio

171 4296 225 4336 non
243 4282 331 4338 minus
350 4283 496 4355 probabilis
517 4292 559 4340 eat
579 4299 659 4353 quam
677 4284 801 4340 Goelleri.
