3070 4758
453 255 542 298 cesae
557 251 829 304 ennernarrvorau.
848 275 871 292 -
889 260 1030 305 nocuere.
1251 271 1321 334 m

158 430 346 508 Nequiquam
368 431 423 491 tibi
444 433 579 496 Fortuna
606 433 736 498 boehm
761 434 899 500 lucrifica
918 435 1061 500 adlucere
1083 441 1157 502 velt.
1198 435 1316 504 Bran

158 523 203 606 11,
226 530 255 605 3,
277 529 332 590 22:
374 529 406 589 di
438 538 579 605 quattuor
614 531 826 595 scelestiorem
856 535 970 596 nullum
1007 537 1142 598 inluxere
1176 537 1316 600 alteram.

159 620 251 704 Capi.
293 622 353 704 ΙΙΙ,
376 630 406 703 4,
429 630 484 714 21:
528 630 572 689 Et
591 646 659 690 eum
680 631 753 690 mibi
774 647 841 692 eese
863 632 1012 707 morbum,
1041 639 1076 694 ut
1097 634 1149 710 qul
1169 649 1217 696 ma
1239 651 1316 710 apua

158 723 198 784 sit
219 723 367 797 insputari
401 720 517 798 (Rode.
540 740 571 804 p.
597 723 683 804 142),
707 722 746 794 ci
769 742 798 790 V.
822 729 879 792 23:
915 729 1027 802 Quibus
1056 729 1205 806 imputari
1222 731 1317 793 niati

158 818 226 878 fulc.
274 817 388 892 (Rudd.
410 818 432 884 l.
454 822 504 898 a),
541 818 596 884 ubl
626 823 738 897 Quibus
766 820 808 886 ad
831 827 921 886 saluti
942 824 1001 887 luia
1035 823 1319 906 pommeranum

157 912 304 979 Ursinus.
348 913 418 980 Cae.
446 915 506 993 111,
532 922 562 993 3,
595 922 650 986 15:
688 922 731 982 'le
761 928 881 984 ecastor
900 923 1119 999 praestolabar.
1162 919 1321 1002 aptum,

158 1014 189 1092 2,
213 1015 268 1077 37:
305 1015 352 1076 Ea
372 1017 614 1092 praestolabatur
630 1018 719 1082 ,illum
741 1019 821 1095 apud
841 1027 969 1094 portum
1013 1017 1106 1083 ibae
1141 1017 1186 1098 II,
1207 1023 1237 1096 3,
1259 1023 1317 1088 ibt

158 1111 270 1172 Nescio
294 1129 381 1186 qnam
402 1115 626 1189 praestolatast.
670 1111 765 1184 Most
801 1114 828 1193 Ι,
852 1121 882 1194 3,
905 1119 964 1180 59:
1000 1117 1132 1178 riillum
1156 1117 1317 1184 iuernbta

158 1209 265 1286 solum,
288 1204 325 1272 cf.
363 1206 460 1274 Pacn.
482 1208 537 1288 IV,
560 1212 590 1289 2,
613 1213 689 1275 105:
718 1214 760 1274 Et
781 1213 856 1276 illud
878 1219 977 1274 autem
999 1213 1219 1276 inserviendum
1241 1231 1313 1277 con·

160 1306 290 1366 siliumst
314 1311 514 1372 vernaculum.
557 1306 672 1390 Amph.
708 1307 789 1389 prol.
813 1325 842 1374 v.
867 1312 942 1373 115:
986 1311 1040 1372 Set
1057 1310 1105 1370 itu
1124 1311 1318 1374 metantur

137 1399 190 1464 'se
214 1406 298 1479 quasi
319 1407 500 1481 Amphitruo
522 1408 589 1470 siet.
634 1403 726 1486 Capt
747 1404 806 1485 ΙΙΙ,
832 1411 860 1483 1,
882 1408 902 1470 8
925 1401 1043 1480 (Santi.
1066 1404 1141 1472 llln
1162 1423 1195 1488 p.
1217 1405 1316 1484 atat:

157 1499 207 1582 ita
232 1509 337 1563 venter
364 1510 524 1581 gutturque
561 1505 696 1566 resident
726 1505 880 1566 essuriells
917 1502 1024 1580 ienae,
1060 1501 1093 1568 ln
1119 1521 1148 1568 e.
1175 1503 1317 1570 sedendo

157 1601 269 1677 agunt,
292 1597 349 1662 sed
363 1603 452 1664 recte
465 1596 653 1666 Perizonius
675 1617 706 1680 p.
720 1604 780 1666 377
797 1597 884 1678 dicit,
907 1599 992 1666 bunc
1012 1599 1230 1666 munerun
1251 1599 1317 1668 iar·

158 1699 245 1758 tasse
275 1711 313 1759 ea
340 1694 464 1760 ratione
498 1696 638 1779 positum
666 1714 754 1776 esse,
791 1711 856 1776 qua
882 1696 1001 1762 dicitur
1032 1703 1171 1762 aenam
1191 1713 1316 1775 ananan

160 1792 260 1854 cium
280 1794 491 1856 Bacchanalia
520 1795 571 1873 (ut
592 1794 635 1864 sit
657 1811 732 1875 erga
754 1795 812 1858 aut
833 1809 897 1860 acc·
920 1794 1240 1874 temporaraneum.
1263 1811 1318 1860 aa·

158 1892 275 1968 gnatae
297 1889 396 1956 verbo
420 1887 681 1970 significationis).
726 1888 803 1956 Oiai.
826 1887 869 1970 11,
896 1895 923 1968 1,
946 1893 1001 1955 ὅδε
1024 1893 1083 1953 Sea
1105 1894 1172 1968 quia
1194 1894 1244 1954 hle
1258 1899 1318 1969 eet,

158 1991 209 2066 qui
230 1995 316 2050 recta
337 1992 440 2064 platea
461 2006 578 2052 cursum
601 1990 659 2050 buc
681 1989 836 2050 contendit
859 1988 964 2050 auom?
994 1985 1108 2068 Amph.
1131 1986 1174 2067 11,
1192 1993 1223 2070 2,
1239 1993 1318 2056 lata

158 2087 201 2148 Ut
226 2088 267 2146 mi
295 2094 380 2148 extra
407 2104 497 2146 unum
530 2093 560 2148 te
586 2087 723 2148 mortalis
755 2103 842 2147 nemo
875 2103 985 2161 corpna
1015 2102 1141 2162 corpore
1175 2087 1317 2163 Gontiqit.

159 2181 256 2248 Stich.
283 2181 308 2260 l,
333 2185 363 2262 2,
385 2187 441 2246 44:
484 2185 550 2245 an
572 2202 625 2246 nos
648 2182 849 2260 magnificare.
892 2179 989 2246 Pacu.
1012 2179 1051 2258 V,
1074 2185 1104 2259 2,
1129 2185 1224 2246 tlte
1250 2185 1317 2258 an'

157 2299 205 2344 me
231 2283 380 2358 privatum
416 2298 505 2356 aegre
537 2282 637 2357 patior
662 2287 788 2342 mortua.
831 2276 989 2358 Exempla
1015 2277 1106 2343 verbi
1125 2279 1222 2342 amera
1244 2293 1317 2344 cum

156 2394 263 2442 accae.
296 2376 454 2442 coniuncti
475 2376 617 2442 Perizon
640 2377 681 2440 ad
703 2374 810 2440 Senot
845 2392 878 2456 p.
906 2379 969 2440 328
1004 2373 1085 2440 baec
1120 2373 1184 2440 duo
1212 2371 1318 2440 affert:

158 2473 242 2539 Men.
265 2473 307 2552 11,
332 2478 362 2553 3,
389 2479 421 2538 1:
456 2475 527 2536 Sine
548 2476 628 2549 force
650 2477 709 2536 eia:
739 2475 798 2552 abi,
820 2475 854 2538 et
874 2470 970 2538 Most.
991 2470 1018 2546 I,
1043 2476 1071 2541 1,
1093 2473 1149 2536 68:
1171 2474 1250 2536 Dum
1267 2473 1317 2534 in·

161 2581 246 2634 terea
269 2574 313 2634 eia
337 2575 385 2648 eit,
421 2574 497 2634 ictuc
518 2563 665 2632 ‘actatum
689 2572 772 2647 aiau,
813 2567 843 2632 h.
867 2587 894 2634 e.
925 2567 1001 2633 dum
1022 2567 1147 2634 interca
1172 2567 1250 2634 milri
1270 2567 1319 2634 sia

156 2667 219 2747 eit,
243 2672 280 2732 ut
301 2685 385 2733 nunc
408 2672 472 2745 est,
495 2670 661 2734 contemno
683 2670 718 2730 et
738 2663 829 2730 nihili
850 2663 931 2730 facio
945 2663 1033 2730 ‚illud
1053 2665 1205 2744 Actutum,
1231 2664 1319 2748 quod

158 2764 238 2830 mihi
259 2764 400 2830 minaris.
445 2763 560 2845 Amph.
604 2761 664 2842 ΙΠ,
686 2767 715 2840 2,
739 2767 796 2829 20:
840 2766 918 2826 Heia
939 2769 1039 2826 eutem
1060 2763 1232 2842 inimicent,
1261 2761 1319 2828 ubi

159 2863 244 2928 hunc
267 2879 333 2928 acc.
355 2867 433 2942 puto
455 2859 679 2942 repetitionem
701 2858 907 2926 statuendum
930 2873 1001 2924 esse
1024 2861 1239 2940 eorumquae
1260 2857 1319 2924 Al·

157 2977 292 3026 cumena
313 2959 402 3024 dixit
424 2959 512 3024 Asin.
531 2958 569 3040 V,
594 2963 624 3036 2,
654 2963 709 3024 55:
731 2962 791 3039 Te,
813 2960 990 3033 Phileninm,
1026 2959 1099 3018 mihi
1121 2965 1211 3034 atqua
1232 2957 1320 3019 uxa'ri

158 3065 295 3137 mortem,
320 3057 375 3122 nbi
397 3061 505 3122 mente
527 3054 707 3122 addendum
729 3058 780 3121 eet
799 3064 880 3134 opto,
902 3073 984 3120 voco.
1029 3051 1121 3133 capt
1141 3051 1201 3134 ΙΙΙ,
1222 3058 1254 3132 4,
1276 3056 1324 3118 82

156 3173 257 3231 accae
285 3153 432 3220 absolute
454 3154 594 3234 positum
613 3158 683 3232 eet,
715 3156 804 3218 recte
823 3151 989 3218 Acidaliae
1009 3154 1116 3216 mente
1136 3149 1319 3216 uidendum

160 3255 270 3318 causet
290 3253 393 3328 eperia.
426 3249 530 3316 Aliter
552 3249 799 3316 Lindemannus.
843 3247 935 3328 Capi.
980 3248 1011 3328 l,
1039 3253 1073 3329 2,
1101 3251 1141 3314 aa
1169 3251 1320 3326 imperare

160 3352 379 3414 exercitoria
394 3364 518 3430 cogere.
546 3347 640 3414 Teuc.
663 3346 707 3426 ΙΙ,
731 3349 760 3426 6,
785 3351 840 3412 10:
868 3349 936 3410 Non
957 3350 1068 3426 placet,
1089 3363 1176 3422 qaam
1196 3360 1322 3408 ucmrae

157 3448 301 3526 amant,
328 3448 531 3524 manipulares
552 3447 725 3520 amaitaei,
762 3441 793 3507 h.
815 3461 843 3509 e.
866 3462 928 3510 sec.
966 3443 1078 3508 Lamb.
1100 3444 1224 3522 tacent,
1255 3437 1322 3508 nab

158 3541 303 3610 landant.
346 3541 445 3609 Poena
488 3541 528 3620 V,
550 3549 582 3621 4,
605 3546 659 3608 58:
704 3545 791 3606 Nunc
826 3546 879 3619 pol
906 3561 961 3620 ega
997 3549 1029 3604 te
1055 3542 1185 3602 ulciacar
1214 3539 1320 3615 probe.

159 3637 258 3706 Pacu.
302 3638 341 3718 V,
363 3643 395 3720 4,
417 3643 474 3708 692
518 3643 596 3717 Quia
617 3658 711 3704 nnnoe
731 3642 841 3704 multae
862 3640 940 3704 tiliae
961 3657 1043 3702 meae
1066 3637 1218 3701 couneus
1240 3637 1323 3698 olum

157 3756 218 3804 me.
261 3735 359 3805 Poen
380 3735 438 3817 IV,
461 3741 490 3804 2.
514 3741 569 3804 37:

260 3903 262 3908 ,
329 3837 354 3898 0
377 3837 514 3916 minuto,
538 3837 570 3900 di
591 3852 694 3900 amnes
716 3837 848 3914 denaque
870 3843 972 3898 ament
1069 3832 1130 3898 ΜΙ.
1154 3833 1320 3908 Quemnam

654 3933 822 3998 bominem?
844 3930 904 3997 ΒΥ.
925 3935 992 3996 ileo
1010 3941 1053 4010 te,

331 4030 469 4110 blilpblo,
491 4047 553 4092 uec·
568 4047 631 4110 mn,
657 4046 754 4106 neque
775 4047 859 4092 erum
880 4047 978 4092 meum
991 4031 1085 4092 aclea.
1115 4024 1178 4092 ΜΙ.
1224 4025 1321 4100 Quer'n

625 4133 756 4194 ···.ament
776 4128 892 4204 igitur?
914 4123 982 4192 sl..
997 4128 1148 4204 Aliquem.

157 4194 276 4291 reue.
312 4219 356 4303 11,
379 4223 426 4302 21,
449 4227 511 4292 bb:
554 4224 775 4290 Ernodorum
796 4230 886 4288 cenat
906 4226 1043 4303 luppiter
1065 4223 1186 4360 cottum
1229 4215 1322 4283 Asiu'.

1048 4330 1087 4390 18
