3064 4754
464 271 552 314 CASUS
567 273 835 316 SUBS'I'ANTIVORUU.
856 293 882 306 -
900 273 1003 315 nahar.
1256 281 1314 337 181

166 438 403 522 exemplorum,
438 459 519 523 quae
546 445 646 512 allata
672 452 748 514 sunt
769 466 788 512 a
810 447 1030 526 Kampmanno
1058 445 1097 510 de
1127 461 1235 526 praep.
1265 447 1316 506 ΑΒ

158 551 206 598 nr.
232 541 259 600 r.
282 536 411 605 Terent.
435 542 534 609 Andr.
550 544 610 616 111,
634 551 661 622 1,
686 552 719 609 a:
742 550 780 608 aa
800 546 952 606 Aeaeae
969 531 1087 606 'aneilla
1110 547 1194 606 naec.
1218 541 1315 606 Andr.

157 630 214 712 IV,
232 639 263 712 4,
289 639 342 699 15:
366 641 494 703 undeet?
523 675 560 688 -
582 643 654 708 mu.
677 644 708 706 A
729 646 820 706 eous.
854 661 884 707 v.
911 647 965 706 rr:
988 642 1038 704 Aa
1059 642 1209 704 Aeaeae
1230 643 1317 720 neae,

159 739 301 808 qnantum
324 737 476 814 intellego.
511 739 644 821 Adelph.
665 739 721 821 lV,
745 745 774 820 2,
797 744 830 804 2:
859 759 880 802 o
900 741 975 803 oilla
996 742 1212 804 mercenarium
1236 740 1315 816 Vidi,

156 825 188 892 h.
205 845 231 892 e.
255 829 310 909 qni
333 831 373 896 ad
394 833 502 900 villam
525 838 673 917 pertinet,
696 837 736 904 ab
752 836 808 903 illa
822 838 914 919 quasi
929 835 1091 919 proiectus
1107 841 1166 918 est,
1186 835 1263 913 sive,
1280 838 1317 898 ut

159 924 359 994 Sahaefferns
374 949 404 1010 p.
424 934 607 1014 iexplioat:
625 936 875 1015 „mercenarium
887 935 942 1017 qui
958 935 1045 1001 venit
1057 952 1076 998 a
1088 932 1173 1012 villa,
1189 931 1244 996 uhi
1259 930 1317 996 do·

157 1022 422 1093 miciliumhabet.
436 1030 570 1110 Adelph.
584 1031 627 1112 11,
641 1040 670 1113 1,
684 1039 738 1100 35:
750 1043 848 1096 tamen
857 1037 911 1096 tihi
923 1055 943 1096 a
953 1035 1117 1096 menullast
1127 1033 1314 1092 oriainiuria.

249 1127 299 1186 42.
345 1125 374 1190 b.
408 1129 571 1192 dolationes
608 1133 734 1195 habitos.
778 1131 850 1196 Huc
882 1131 1023 1211 pertinet
1055 1127 1228 1206 ablativus,
1261 1125 1316 1205 qui

158 1218 256 1300 vulgi>
278 1217 341 1283 κατ’
367 1220 468 1304 ἐξοχὴν
490 1226 606 1291 dicitur
627 1231 795 1303 qualitatis,
823 1234 859 1293 ut
880 1245 953 1292 oum
973 1227 1092 1292 dieitur
1113 1243 1233 1302 crepon
1253 1242 1317 1284 ma-

156 1333 217 1392 eno
240 1337 308 1388 esse,
331 1321 415 1400 quod
440 1325 546 1388 tamen
569 1324 634 1390 leni
656 1327 832 1390 mutatione
856 1324 1057 1405 cogitationis
1078 1341 1112 1388 se
1128 1324 1316 1388 convertere

158 1409 257 1478 etiam
282 1421 390 1494 potest
413 1419 446 1486 in
468 1439 588 1497 corpore
608 1443 752 1499 mapsam
775 1441 848 1492 esse,
877 1423 933 1488 uhi
954 1421 1112 1488 ablativus
1135 1419 1237 1499 magis
1258 1434 1317 1498 per

159 1511 404 1579 translationem
419 1519 543 1596 positus
566 1526 617 1584 est
639 1526 672 1585 et
692 1521 865 1601 respondet
885 1520 926 1585 ad
946 1518 1228 1599 interrogationem
1243 1515 1316 1578 ool?

160 1607 229 1672 Lex
250 1610 379 1691 Papiria
401 1615 568 1680 tribunitia
589 1635 639 1698 ap.
662 1619 780 1700 Egger.
806 1635 836 1698 p.
860 1623 935 1683 113:
958 1619 1111 1691 eodemque
1132 1619 1197 1680 iure
1217 1618 1314 1676 sana.

161 1703 242 1769 Cato
265 1707 302 1773 R.
325 1709 363 1773 R.
388 1729 412 1775 e.
441 1718 469 1775 l:
499 1717 523 1776 si
543 1717 612 1777 oleo
635 1720 725 1779 multo
747 1720 813 1778 siet.
859 1713 893 1780 Ο.
917 1719 952 1780 8:
982 1718 1111 1778 Tolenus
1134 1723 1215 1776 atras
1231 1711 1316 1786 pedi·

157 1806 226 1865 eolo
248 1801 361 1884 (euru
385 1811 481 1885 loepo.
525 1811 620 1878 Ennii
635 1813 836 1879 Euhemerus
858 1831 909 1893 ap.
926 1811 1060 1877 Vahlen.
1083 1812 1122 1876 ln.
1138 1815 1167 1889 3,
1191 1828 1221 1890 p.
1239 1811 1314 1872 169:

158 1903 248 1964 Titan
273 1908 324 1981 qui
346 1909 443 1970 mutor
469 1915 545 1971 nata
567 1921 642 1974 erat.
686 1911 744 1977 ib.:
778 1913 865 1974 Titan
897 1914 947 1988 qni
975 1913 1053 1986 faeie
1074 1911 1200 1971 aanor
1226 1914 1315 1970 esset

159 1997 256 2064 Ennii
283 2004 387 2068 annal.
416 2004 436 2069 l.
460 2005 517 2086 IX,
539 2005 576 2071 ir.
600 2015 635 2073 4:
670 2012 828 2072 cornelius
856 2010 1074 2083 suauiloquenti
1101 2005 1158 2070 Ore
1187 2007 1316 2080 Oategns

157 2098 291 2160 Marone.
336 2102 448 2166 Annal.
470 2103 531 2169 int.
554 2105 639 2170 sedis
661 2103 775 2187 fragm.
794 2110 847 2170 19:
870 2108 970 2170 Isdem
992 2124 1114 2183 campus
1137 2106 1228 2166 hahet
1250 2109 1315 2164 tex·

157 2197 269 2256 trinum
291 2201 418 2262 pambus
440 2203 543 2276 loupia-
587 2203 761 2269 Alcnmaeo
784 2203 822 2269 ir.
849 2208 877 2282 2,
899 2223 928 2268 u.
951 2207 1010 2268 45:
1045 2207 1128 2279 Quae
1157 2219 1244 2263 nemo
1268 2205 1317 2262 est
1420 2203 1427 2214 “

155 2299 219 2353 tim
245 2295 332 2366 firmo
359 2299 478 2373 inpendo
506 2309 538 2362 et
566 2307 651 2363 tanta
678 2304 856 2376 confidentia
888 2305 962 2365 cett.
991 2299 1163 2366 Alexandri
1193 2297 1230 2363 fr.
1260 2301 1315 2360 10:

158 2392 230 2465 quid
258 2400 288 2454 te
316 2397 358 2456 ita
390 2407 498 2458 oontno
526 2401 654 2460 lacerato
676 2419 802 2476 corpore.
848 2396 1022 2462 Erechthei
1049 2396 1086 2461 ir.
1114 2401 1148 2460 4:
1181 2395 1317 2470 Lapideo

158 2496 230 2549 sunt
245 2492 331 2552 eorde
345 2497 439 2555 multi.
485 2494 698 2560 Eumenidum
719 2495 757 2560 ir.
774 2501 808 2561 2:
833 2498 926 2570 fueris
940 2497 1073 2557 minibus
1087 2497 1163 2556 Nox.
1208 2491 1315 2558 Satur.

158 2583 180 2648 l.
204 2584 322 2665 111‚fr.
346 2595 376 2670 4,
398 2608 428 2655 v.
456 2596 510 2656 12:
546 2595 597 2655 Sol
627 2598 710 2671 equis
733 2596 793 2655 iter
820 2597 968 2670 repressit
993 2595 1114 2668 napulie
1138 2595 1314 2653 uolantibus.

159 2681 264 2749 Plane.
280 2684 396 2752 Pseud.
412 2687 438 2767 I,
456 2693 485 2768 2,
503 2695 537 2754 5:
560 2709 593 2752 eo
614 2694 692 2752 enim
714 2693 833 2767 inqendo
857 2693 888 2750 hi
912 2699 982 2751 sunt
1004 2691 1180 2766 flegitribae.
1214 2706 1242 2751 v.
1261 2692 1314 2754 16:

157 2783 203 2842 ita
225 2801 277 2844 vos
301 2789 374 2848 estis
396 2792 590 2866 neglegentes
612 2789 723 2864 perditi
744 2791 862 2863 inperito
885 2790 1018 2862 inprobo.
1063 2785 1089 2864 Ι,
1112 2791 1141 2864 3,
1165 2790 1198 2850 3:
1226 2789 1314 2863 liqui·

159 2878 224 2941 do’s
248 2885 354 2944 animo.
379 2883 405 2964 Ι,
429 2891 458 2964 3,
482 2889 540 2950 88:
561 2889 670 2949 Animo
686 2887 798 2950 houo’s.
832 2883 1130 2965 Meu.prol.v.19:
1153 2888 1200 2946 lte
1215 2885 1315 2958 saraa

156 2979 250 3040 simili
271 2985 367 3055 pueri.
413 2981 497 3046 Meu.
520 3001 547 3048 v.
571 2987 648 3048 485:
675 2985 800 3048 Minore
822 3002 965 3061 nusquam
987 2985 1062 3045 bena
1086 2983 1129 3044 lui
1151 2982 1313 3057 dispendio.

156 3073 197 3156 V,
221 3079 250 3155 9,
274 3080 329 3142 63:
353 3082 419 3142 Uno
441 3083 557 3144 naneae
579 3085 665 3144 ambo
687 3084 801 3145 eratis?
843 3081 938 3147 Most.
961 3078 1004 3157 H,
1030 3083 1057 3158 l,
1079 3084 1139 3144 49:
1163 3079 1258 3142 Potin’
1281 3085 1315 3140 ut

153 3174 256 3235 aahno
274 3179 315 3238 is
330 3179 426 3251 quieto
444 3181 507 3238 —l'
551 3178 611 3259 III,
638 3185 742 3258 1,49:
766 3183 1160 3242 Soiotebonaesseooce.
1205 3181 1313 3252 2,19;

154 3274 255 3347 Atque
277 3277 329 3350 pol
352 3279 454 3337 neseio
482 3286 515 3337 nt
542 3280 675 3339 moribus
704 3282 782 3340 sient
804 3281 941 3340 Vestrae.
986 3295 1014 3340 v.
1042 3279 1115 3339 124:
1149 3295 1206 3338 non
1230 3277 1314 3337 vides

153 3375 187 3429 tu
210 3371 288 3431 huno
310 3375 391 3434 uoltu
413 3377 457 3434 nti
480 3376 589 3437 ltietist
611 3377 725 3436 senex?
767 3373 883 3439 Pseud.
906 3373 949 3453 II,
975 3380 1006 3451 4,
1030 3379 1085 3439 35:
1120 3376 1185 3450 Qua
1211 3372 1314 3434 faeie?

152 3463 213 3544 111,
238 3471 267 3548 2,
291 3471 347 3534 63:
377 3473 479 3532 Anto
500 3473 635 3533 invenire
657 3477 791 3548 postulas
814 3491 989 3549 quemqnam
1012 3489 1136 3548 coquom
1157 3475 1223 3534 Nisi
1245 3472 1313 3533 mil-

157 3566 236 3626 uinis
258 3574 310 3628 aut
331 3570 474 3643 aquilinis
495 3571 637 3644 nepotis?
681 3569 797 3634 Pseud.
828 3589 857 3634 v.
881 3573 979 3634 1132:
1014 3571 1073 3630 allo
1101 3577 1170 3632 eunt
1197 3571 1243 3632 illi
1266 3571 1314 3630 in-

89 3735 92 3740 ,
150 3666 237 3737 penio
269 3673 358 3742 atque
387 3675 428 3728 tu.
473 3683 500 3728 ν.
532 3671 631 3731 1217:
665 3687 726 3742 quo
754 3670 833 3744 satie
861 3667 919 3730 luit
949 3670 1015 3729 -?
1057 3687 1086 3732 v.
1118 3670 1199 3731 1218
1217 3667 1314 3746 'sqq-2

150 3765 261 3826 matam
282 3765 362 3826 suria
383 3795 427 3806 -
447 3767 563 3840 Moeno
588 3769 695 3842 eapite,
731 3767 826 3828 oeulis
845 3768 949 3835 oeulis,
991 3785 1041 3828 ore
1062 3767 1243 3843 redimendo,
1276 3768 1316 3826 ad

151 3863 271 3924 modum
294 3863 418 3937 Moenia
438 3863 573 3937 pedihus.
617 3862 733 3928 Bacch.
758 3861 814 3939 lv,
840 3867 889 3944 10,
913 3869 948 3928 4:
981 3865 1029 3938 fui
1056 3882 1111 3940 ego
1133 3865 1188 3924 illa
1209 3867 1312 3924 aemio.

153 3956 244 4038 Capi.
269 3957 328 4037 ΙΙΙ,
352 3965 382 4037 4,
407 3963 462 4023 58:
496 3963 600 4037 Neque
628 3970 752 4038 praeter
780 3967 810 4022 te
837 3965 867 4022 in
895 3964 983 4024 Alide
1006 3965 1084 4023 nllns
1114 3978 1216 4021 servos
1241 3961 1316 4021 istoo

150 4058 308 4120 nominem.
355 4055 412 4135 IV,
443 4061 472 4135 2,
503 4061 538 4122 9:
579 4060 712 4121 Ooaleoto
739 4061 888 4135 quidemst
907 4060 1023 4135 pallio:
1061 4059 1201 4134 quidnam
1228 4045 1310 4119 aetu-

147 4155 237 4216 rnst?
280 4153 375 4218 Poen.
399 4152 437 4232 V,
454 4160 483 4231 4,
509 4159 563 4218 12:
596 4174 692 4232 quom,
715 4156 969 4231 idemloquium
992 4174 1091 4217 snmus
1113 4161 1201 4230 atque
1225 4157 1313 4228 aliae,

148 4269 307 4328 cognosco.
346 4248 418 4314 Aul.
442 4248 483 4328 ΙΙ,
508 4256 537 4331 2,
562 4256 616 4316 36:
642 4255 719 4328 Quid
742 4254 821 4326 fide?
859 4253 926 4318 EU.
951 4256 1036 4314 hona.
1074 4250 1146 4315 ME.
1171 4253 1241 4329 qnid
1263 4252 1312 4324 fa·
