3058 4766
487 245 575 286 CASUS
590 245 858 286 sunsuauulvouuu.
872 267 897 276 -
911 245 1015 287 nabau.
1270 253 1328 309 123

175 419 257 480 tivoa
280 432 352 480 esse
375 416 500 497 statuit,
523 423 560 481 ut
581 420 678 482 decuit
691 419 829 500 positum
853 419 896 484 sit
915 436 975 500 pro
990 421 1113 494 uturum
1129 417 1198 489 fuit,
1220 431 1330 495 quam·

174 529 269 592 quam
293 511 354 576 sibi
376 531 440 577 non
463 513 618 594 constitit,
642 533 713 580 eum
727 517 823 597 paulo
843 520 917 597 post
935 515 1020 580 inter
1041 514 1104 579 alia
1127 512 1222 579 huius
1242 510 1330 578 verbi

172 627 243 673 cum
267 609 374 673 dativo
396 609 497 676 iuncti
520 611 665 692 exempla
687 614 783 678 etiam
808 612 867 679 hoc
895 610 1016 678 afferat.
1060 611 1167 675 Etiam
1190 607 1330 675 Sabmia-

173 706 269 770 derus
293 711 446 785 utrosque
468 708 625 774 ablativos
648 728 718 775 esse
741 728 837 791 posse
860 708 1013 777 concedit
1048 708 1176 774 Terent.
1193 706 1328 786 Adelph.

171 802 214 882 ΙΙ,
239 809 265 882 l,
292 809 344 868 12:
379 807 498 868 dabitur
519 810 565 870 ins
588 810 759 884 iurandum,
792 809 949 882 iacturum
970 810 1012 868 Te
1035 825 1101 870 esse
1128 808 1244 868 taurin
1266 808 1329 866 bac

172 899 230 978 III,
252 904 281 980 3,
306 905 359 964 54:
383 905 515 966 Haecine
538 905 652 981 flagitia
672 905 774 968 iacere
798 909 842 968 tei
864 908 939 967 haee
961 912 992 966 te
1015 905 1173 966 admittere
1195 903 1331 976 Indipao

169 1017 274 1073 ymera
295 1001 413 1061 uasto!

506 1181 540 1234 II.
577 1181 763 1238 Ablativus
790 1181 988 1252 qualitatis.

260 1293 309 1352 33.
343 1291 481 1350 Attaioi
506 1292 591 1358 tolca,
625 1296 676 1368 aaa
699 1296 740 1356 od
761 1294 1048 1366 commemoraui
1069 1296 1179 1352 atatam
1202 1292 1330 1364 alicuem

172 1387 404 1449 constituendam
428 1390 586 1461 pertineat.
631 1407 658 1453 a.
697 1391 857 1452 Ablotivus
882 1390 1036 1466 principit.
1081 1386 1142 1451 Hic
1170 1386 1328 1465 ablativa.

174 1487 225 1546 est
247 1500 362 1547 causae
386 1480 552 1548 efficientis
574 1484 626 1548 vel
649 1487 799 1564 auctoris
822 1507 841 1552 a
864 1503 927 1566 quo
950 1483 1083 1550 effectus
1106 1480 1328 1564 proficiscitur,

173 1584 371 1659 quapropter
397 1580 534 1660 primum
558 1580 620 1647 huc
646 1583 789 1663 pertinet
816 1583 977 1649 ablativus
999 1600 1071 1646 cum
1092 1579 1328 1660 praepositione

174 1679 212 1738 ab
234 1677 421 1742 coniunctus
446 1678 478 1740 in
502 1678 776 1744 enuntiationibus
798 1679 948 1760 passivis,
982 1680 1023 1744 ad
1052 1696 1122 1743 eam
1150 1674 1329 1756 significan-

171 1773 243 1837 dam
266 1792 452 1855 personam,
482 1791 563 1853 quae
586 1776 745 1840 inactiva
768 1779 1005 1843 constructione
1028 1775 1207 1841 subiectum
1231 1792 1328 1838 enun-

171 1870 316 1936 tiationis
339 1871 453 1936 iuerat.
497 1871 536 1935 In
551 1873 679 1952 passivo
695 1874 829 1940 actionis
845 1875 933 1938 notio
956 1873 1052 1955 periit
1074 1872 1125 1936 vel
1144 1872 1225 1936 latet
1240 1874 1328 1936 certe

171 1985 274 2047 neque
290 1974 425 2050 apparet
439 1968 500 2032 nisi
519 1968 552 2032 in
574 1976 661 2034 statu
678 1969 791 2036 effecto
807 1972 848 2035 ab
866 1989 914 2051 eo,
938 1970 1023 2051 quod
1039 1970 1128 2050 prius
1147 1967 1329 2032 subiectum

170 2063 276 2129 luerat
298 2065 543 2144 enuntiationis,
574 2067 629 2145 qui
650 2072 754 2132 status
781 2069 814 2132 in
843 2069 953 2148 lingua
979 2066 1081 2132 latinu
1103 2083 1169 2145 qua
1190 2064 1328 2128 diximus

170 2162 295 2226 ratione
323 2162 520 2242 exprimitur.
565 2162 701 2230 Praeter
728 2166 827 2230 verba
858 2165 988 2245 passiva
1020 2169 1125 2228 autem
1156 2165 1253 2226 etiam
1281 2160 1328 2224 in-

170 2259 337 2324 transitiva
366 2258 478 2324 eodem
505 2260 599 2324 modo
628 2278 699 2326 curn
726 2279 833 2342 praep.
861 2283 880 2323 a
910 2269 1063 2341 sequente
1095 2258 1235 2326 ablativo
1256 2258 1327 2320 iun·

170 2362 289 2436 guntur
309 2358 350 2421 ad
375 2362 538 2421 auctorem
558 2360 663 2422 status
683 2357 818 2424 alicuius
838 2357 1085 2439 exprimendum.
1123 2355 1247 2422 Deinde
1268 2354 1330 2419 huc

169 2455 331 2533 pertinent
353 2455 485 2520 ablativi
507 2473 578 2518 cum
598 2456 886 2536 praepositionibus
901 2458 937 2516 dc
957 2459 989 2519 et
1004 2473 1040 2516 ea
1061 2452 1221 2519 combusti
1236 2451 1269 2514 in
1283 2451 1330 2514 lo-

170 2553 350 2616 cntionibus
373 2552 484 2631 quales
507 2555 583 2616 sunt
597 2556 700 2626 perire
720 2573 756 2614 aa
778 2556 958 2622 uulneribus,
980 2555 1016 2614 de
1038 2553 1166 2614 alicubus
1187 2552 1330 2612 amicata

170 2652 287 2724 aliquid
307 2652 414 2724 fucare,
437 2648 603 2714 similibus
641 2647 754 2713 Naevii
769 2649 891 2714 Hector
913 2647 1116 2728 proficiscens
1138 2646 1176 2711 ir.
1194 2652 1227 2710 2:
1250 2650 1327 2708 Las-

171 2755 218 2808 tus
242 2767 315 2822 sum,
339 2750 456 2809 laudari
479 2766 525 2808 me
549 2748 602 2832 aba
625 2752 659 2816 te,
681 2756 778 2822 pater,
803 2768 822 2809 o
845 2749 966 2807 laudato
986 2748 1061 2808 uiro.
1106 2743 1201 2808 Ennii
1223 2741 1327 2806 annu.

169 2843 188 2907 l.
213 2843 266 2922 Vl,
288 2842 326 2907 fr.
354 2849 408 2923 12,
431 2863 459 2907 v.
486 2847 560 2907 luti:
583 2847 739 2921 victusque
763 2865 826 2906 sum
851 2849 888 2905 ob
909 2846 1011 2906 isdem
1057 2840 1264 2922 Cresphontis
1286 2837 1325 2903 ir.

171 2947 205 3006 3:
230 2945 344 3004 Iniuria
367 2944 420 3003 aba
441 2949 468 3002 tc
490 2943 614 3003 adficior
637 2944 768 3018 indigna.
813 2941 916 3006 Plaut.
933 2939 1048 3004 Pseud.
1063 2939 1090 3020 l,
1114 2944 1143 3018 3,
1167 2941 1222 3002 86:
1246 2940 1328 2998 Siein

169 3043 209 3100 mi
233 3047 336 3115 apsis
379 3043 455 3101 bene
478 3041 603 3099 mereata·
625 3043 701 3100 male
725 3040 857 3102 refertur
880 3040 996 3118 gratia?
1038 3035 1154 3100 Pseud.
1171 3034 1214 3112 11,
1238 3039 1268 3112 2,
1295 3039 1326 3095 1:

169 3140 208 3198 lli
225 3141 283 3199 loci
299 3145 369 3200 sunt
384 3144 472 3214 atque
493 3139 550 3198 bae
566 3140 703 3214 regiones
726 3157 801 3214 qnae
823 3141 863 3199 mi
879 3141 916 3198 ab
934 3154 983 3196 ero
1004 3140 1073 3196 sunt
1092 3135 1325 3194 demonstratae.

168 3233 282 3298 Pseud.
299 3253 327 3296 v.
345 3238 422 3300 916:
445 3236 541 3296 Nimis
563 3237 683 3295 tandem
707 3254 761 3310 aps
783 3241 809 3298 ta
832 3242 1014 3296 contemnor.
1054 3229 1137 3294 Meu.
1154 3227 1193 3308 V,
1216 3232 1246 3306 2,
1271 3231 1326 3292 33:

168 3335 325 3408 Ludibrio,
348 3340 436 3409 pater
458 3333 589 3396 Habeor.
623 3329 684 3395 SE.
708 3332 818 3394 Unde?
852 3330 923 3396 MA.
945 3329 996 3389 Aa
1010 3330 1070 3398 illo,
1092 3331 1162 3404 quoi
1182 3345 1227 3386 me
1244 3345 1326 3388 man·

168 3432 291 3504 davisti,
316 3448 378 3489 meo
400 3433 472 3491 uiro.
517 3425 600 3492 Men.
624 3445 652 3491 v.
675 3432 752 3493 972:
786 3430 986 3500 Recordatur,
1018 3429 1068 3502 qui
1091 3432 1160 3487 sunt
1182 3425 1327 3498 nibili,is

169 3531 239 3604 qnid
261 3529 343 3602 preti
365 3528 452 3588 detur
474 3529 512 3587 ab
534 3528 597 3588 suis
618 3529 685 3589 eris.
730 3525 820 3590 Pers.
838 3524 881 3602 ΙΙ,
908 3529 934 3602 l,
959 3529 995 3588 2:
1018 3525 1114 3584 Nimis
1137 3523 1258 3584 tandem
1279 3539 1326 3582 ma

169 3627 287 3700 quidem
310 3643 366 3701 pro
388 3625 484 3687 barda
506 3633 537 3685 et
558 3626 670 3686 blanna
691 3642 762 3686 reor
782 3625 915 3684 habitam
938 3639 1005 3682 esse
1029 3639 1083 3696 aps
1105 3624 1139 3682 a.
1168 3617 1207 3697 V,
1225 3623 1253 3697 1,
1273 3622 1326 3682 14:

168 3725 274 3784 Mutua
295 3721 371 3783 finnt
392 3740 412 3781 a
433 3740 486 3782 ma.
525 3721 563 3798 V,
588 3725 615 3799 1,
640 3724 695 3784 20:
724 3727 844 3798 optatus
875 3722 916 3781 mi
939 3721 988 3779 hic
1010 3719 1075 3780 dies
1098 3719 1185 3780 datus
1208 3719 1327 3778 bodiest

169 3821 206 3878 ub
227 3821 282 3880 dia.
327 3818 426 3884 Mero.
449 3818 475 3895 Ι,
502 3821 610 3897 1,64:
644 3819 719 3883 adeo
747 3827 813 3880 arte
844 3819 1006 3879 cohibitum
1034 3834 1066 3876 ae
1096 3833 1162 3878 asse
1190 3832 1211 3874 a
1226 3817 1324 3888 patra.

167 3913 193 3993 l,
220 3920 248 3994 l,
272 3919 327 3980 68:
353 3915 416 3994 (se)
441 3919 520 3993 exigi
541 3919 660 3978 solitum
684 3920 819 3992 epatre.
865 3912 957 3977 Ourc.
973 3911 999 3990 Ι,
1019 3918 1046 3992 l,
1067 3917 1122 3975 51:
1144 3914 1216 3972 Tam
1238 3929 1260 3971 a
1279 3927 1327 3970 mc

167 4014 305 4087 pudicast
329 4016 414 4090 quasi
437 4032 523 4076 soror
545 4032 612 4076 mea
635 4016 683 4076 sit.
727 4011 822 4076 Poem
839 4009 894 4088 IV,
919 4015 948 4088 2,
964 4013 1020 4072 62:
1043 4027 1081 4070 ne
1098 4014 1159 4070 otc
1172 4009 1325 4083 perdeam,

168 4107 209 4172 de
233 4125 296 4187 quo
326 4108 396 4174 loco
418 4109 490 4173 vide
514 4109 660 4189 Kampm.
691 4109 731 4172 de
752 4113 805 4171 AB
834 4125 866 4188 p.
894 4113 941 4186 lv,
964 4105 1071 4169 adnot.
1096 4110 1121 4168 l.
1168 4101 1259 4183 Capt.
1282 4102 1326 4182 II,

170 4209 198 4280 2,
222 4209 278 4269 29:
313 4209 391 4281 Quid
413 4210 495 4283 ipsus
521 4208 590 4269 bic?
620 4227 677 4284 quo
706 4209 849 4268 bonorest
878 4205 947 4266 illi?
990 4201 1057 4266 PH.
1093 4205 1212 4264 Summo
1234 4209 1324 4276 atque
