3070 4758
463 271 550 312 CASUS
565 269 832 312 sunsruu'rlvoxult.
846 291 871 300 -
885 271 1019 312 huruuua.
1269 283 1334 342 293

185 445 317 524 tererit,
351 461 414 525 quo
437 441 553 510 clarius
577 441 749 508 etiamnum
771 441 819 508 uis
841 443 976 511 actionis
1003 449 1036 510 et
1058 441 1217 512 efficaciae
1240 446 1273 510 in
1295 447 1338 513 sl·

181 539 383 623 gnitcaoona
397 541 488 607 verbi
504 544 646 621 apparet,
669 540 716 604 ita
729 543 768 604 ut
789 539 852 604 vim
874 540 907 605 in
930 539 1009 607 illud
1032 543 1193 608 obiectum
1215 541 1335 610 habeat

178 643 215 705 et
235 641 366 703 ducam
388 639 479 719 quasi
502 640 571 702 eius
594 637 748 717 declaret,
784 653 978 720 quamquam
995 656 1070 704 vnour
1097 640 1337 722 comprehendit

179 736 261 803 illud
294 742 328 802 et
364 735 598 816 complectitur,
631 733 688 800 sed
720 733 843 802 acdona
870 734 959 803 linita
985 738 1112 803 demum
1139 738 1243 819 tangit
1269 739 1336 802 tan-

180 839 258 900 tum.
302 833 341 898 Id
370 833 455 914 quod
484 832 644 898 obiectum
672 830 795 913 patitur
816 831 876 899 hae
897 834 931 899 in
952 853 1003 914 re,
1038 839 1156 911 effectus
1182 834 1337 916 appellari

178 936 382 1014 potestque
405 930 593 1011 exprimitur
627 929 675 1009 id,
709 929 794 1009 quod
822 930 979 998 actionem
1008 933 1197 1016 explicatam
1233 937 1266 997 et
1295 933 1336 998 ad

179 1027 273 1094 finem
302 1029 487 1110 perductam
521 1027 678 1108 sequitur,
716 1034 866 1095 accurate
894 1029 1154 1113 distinguendum
1183 1029 1263 1096 illud
1295 1031 1335 1096 ab

181 1145 229 1208 co,
254 1127 338 1208 quod
361 1126 496 1192 durante
516 1126 613 1192 ctiam
632 1125 755 1191 eodone
773 1125 807 1191 in
828 1145 866 1192 ea
887 1127 958 1209 ipsa
978 1127 1093 1194 accidit
1113 1129 1244 1208 eiusque
1266 1144 1337 1194 cur-

180 1243 249 1293 sum
276 1225 369 1306 quasi
390 1225 589 1290 comitatur.=
615 1223 653 1287 In
675 1223 800 1290 obiecto
819 1224 920 1306 igitur
942 1223 1075 1291 effectus
1097 1232 1248 1307 apparet,
1282 1242 1336 1289 cu·

179 1325 229 1388 ius
246 1323 333 1387 notio
348 1340 411 1388 non
429 1327 479 1386 est
495 1320 715 1388 confundenda
726 1339 797 1388 cum
820 1322 955 1405 termini,
978 1340 1060 1405 quae
1083 1323 1264 1390 accusativo
1281 1339 1333 1388 ex·

180 1421 336 1502 primitur.

265 1517 411 1583 Vidimus
431 1518 532 1598 igitur
552 1517 585 1582 in
609 1517 750 1583 subiecto
774 1516 917 1582 studium
940 1517 1064 1597 obiecti,
1087 1518 1119 1582 in
1142 1517 1267 1583 obiecto
1291 1514 1335 1580 ef-

179 1617 307 1682 fectum.
352 1615 413 1680 Hic
443 1614 574 1680 effectus
602 1615 750 1681 astudio
774 1614 828 1679 illo
851 1615 1007 1696 gignitur,
1043 1621 1075 1680 et
1103 1613 1243 1679 studium
1266 1613 1335 1678 sine

181 1711 296 1779 effectu
319 1717 386 1778 tum
410 1714 537 1778 demum
561 1713 697 1795 cogitari
720 1718 843 1794 potest,
876 1730 948 1777 cum
978 1713 1079 1777 omnis
1102 1712 1185 1777 actio
1208 1710 1336 1775 sublata

179 1815 236 1874 aut
259 1815 346 1874 certe
368 1808 471 1877 fracta
493 1816 526 1877 ct
555 1811 723 1875 imminuta
751 1817 809 1876 est.
856 1809 948 1888 Quod
977 1809 1004 1874 si
1031 1810 1172 1876 studium
1201 1805 1335 1874 subiecti

180 1908 378 1974 convertitur
400 1907 440 1973 ad
462 1925 545 1989 rem,
579 1926 661 1989 quac
684 1907 858 1974 secundum
885 1913 1032 1973 naturam
1061 1923 1150 1971 suam
1179 1923 1239 1988 pro
1262 1922 1336 1985 per·

181 2024 258 2071 sona
285 2006 387 2087 accipi
409 2013 466 2071 aut
488 2009 595 2088 potest
617 2011 673 2071 aut
696 2006 804 2082 debet,
839 2003 907 2071 ficri
937 2023 1000 2070 non
1023 2009 1131 2086 potest
1159 2006 1234 2083 quin
1255 2001 1335 2067 haec

178 2121 230 2170 res
255 2103 404 2169 effectum
431 2105 463 2169 in
486 2121 521 2168 se
544 2109 747 2185 procreatum
770 2103 1004 2169 animadvertat
1026 2109 1060 2168 et
1082 2101 1246 2184 percipiat,
1271 2113 1334 2181 quo

179 2199 216 2267 fit
238 2205 274 2268 ut
297 2201 392 2266 etiam
416 2203 449 2266 in
473 2201 598 2267 obiecto
620 2201 762 2268 studium
786 2202 903 2268 existet
925 2201 1059 2267 subiecti
1082 2205 1116 2266 et
1136 2205 1173 2263 ut
1194 2199 1257 2262 vim
1279 2197 1336 2261 ha·

179 2300 254 2365 beat
275 2301 308 2364 in
331 2304 450 2364 statum
474 2298 625 2378 subiecti,
653 2299 707 2378 qui
738 2299 921 2365 exactione
944 2297 1072 2378 prodiit.
1116 2297 1199 2362 Hinc
1220 2293 1338 2361 intolli-

180 2397 283 2477 gitur,
316 2415 356 2462 ne
383 2395 499 2463 obiecti
526 2396 655 2477 quidem
683 2395 825 2462 studium
856 2395 923 2460 sine
954 2394 1070 2462 effectu
1098 2412 1226 2459 manere
1257 2409 1337 2474 opus

182 2512 263 2573 esse,
288 2494 344 2560 sed
367 2494 515 2560 effectum
530 2495 600 2560 eius
614 2495 648 2559 in
663 2492 807 2559 subiecto
822 2492 885 2558 iam
901 2510 1066 2576 apparere,
1090 2492 1175 2573 quod
1196 2509 1259 2556 non
1281 2488 1339 2554 mi·

179 2609 240 2656 nus
263 2597 354 2657 extra
376 2593 534 2658 actionem
556 2591 673 2657 obiecti
694 2579 806 2656 mutuo
827 2609 862 2656 se
878 2589 1100 2656 ostendentem
1123 2589 1261 2671 positum
1278 2592 1337 2652 est

183 2688 253 2767 Quo
275 2686 320 2769 fit,
344 2693 381 2754 ut
402 2690 512 2754 ordine
532 2690 660 2756 inverso
682 2690 715 2754 in
738 2687 862 2755 obiecto
886 2689 1090 2770 conspicuum
1111 2684 1169 2752 fiat
1188 2685 1338 2762 studium,

179 2787 212 2852 in
234 2787 378 2853 subiecto
401 2795 509 2854 autem
532 2787 673 2854 effectus.

265 2886 463 2952 Accedamus
486 2887 550 2952 iam
573 2887 614 2951 ad
636 2885 763 2967 singula
784 2902 902 2966 genera
919 2885 1015 2951 huius
1037 2899 1129 2948 casus
1157 2878 1339 2946 accuratius

182 2981 377 3064 explicanda.
413 2987 459 3050 Ao
482 2985 619 3064 primum
644 2984 773 3064 quidem
793 2983 967 3048 notandum
991 2985 1050 3061 est,
1074 2973 1338 3060 significationem

181 3081 400 3163 primigeniam
423 3081 523 3147 dativi
547 3082 643 3146 etiam
665 3082 770 3146 minus
791 3097 884 3160 quam
908 3097 1018 3145 eorum
1031 3079 1175 3143 ¹duorum
1197 3093 1337 3154 casuum,

182 3195 261 3258 quos
284 3182 379 3244 antea
402 3181 634 3260 spectauimus,
668 3179 710 3243 ad
732 3176 813 3243 tales
841 3196 893 3242 res
922 3177 1083 3258 pertinere
1110 3191 1221 3258 posse,
1255 3189 1337 3252 quae

181 3276 240 3341 sub
264 3293 375 3341 sensus
398 3277 526 3340 cadunt.
571 3275 678 3341 Nihilo
702 3275 806 3340 minus
828 3278 937 3339 tamen
960 3274 1057 3340 etiam
1080 3271 1222 3350 dativus,
1256 3287 1338 3350 quae

182 3378 232 3440 est
247 3371 405 3455 generalis
422 3375 492 3439 eius
508 3372 705 3456 significatio,
728 3372 770 3438 ad
789 3371 870 3437 tales
892 3371 1033 3436 rationes
1054 3373 1201 3451 spectare
1222 3370 1338 3448 potest,

182 3488 263 3552 quae
288 3475 363 3536 sunt
384 3473 574 3546 quantitatis,
608 3489 686 3552 quas
713 3468 852 3535 secundo
880 3467 950 3535 loco
979 3467 1206 3550 spectabimus,
1241 3481 1338 3546 quum

180 3570 322 3651 priorem
343 3568 448 3635 locum
470 3573 600 3634 teneant
622 3570 760 3634 rationes
782 3569 944 3644 qualitatis.

268 3665 373 3745 Quum
394 3665 516 3731 formae
539 3666 620 3731 duae
644 3665 829 3746 potissimae
852 3663 952 3730 dativi
973 3664 1036 3728 iam
1059 3663 1092 3728 in
1114 3659 1334 3745 superioribus
1359 3745 1363 3752 η

186 3763 363 3845 explicatae
387 3765 466 3846 sint,
490 3763 583 3830 laoile
607 3765 668 3828 erit
690 3780 744 3827 eas
767 3762 980 3844 explicarem
1002 3761 1181 3828 rationibus
1204 3757 1339 3839 qualita-

185 3863 240 3942 tis,
276 3880 359 3943 quae
387 3863 592 3930 intercedunt
614 3861 698 3926 inter
721 3859 899 3926 subiectum
928 3863 962 3924 et
983 3859 1201 3940 praedicatum
1229 3860 1262 3921 et
1283 3856 1341 3921 ob-

182 3959 309 4025 iectum.
340 3959 459 4026 Forma
481 3961 569 4041 prior
590 3962 735 4040 apparet,
758 3955 938 4037 ubicunque
960 3957 992 4022 in
1016 3956 1151 4036 obiecto,
1175 3955 1260 4036 quod
1284 3953 1340 4018 da-

184 4055 250 4124 tivo
275 4075 461 4138 expressum
484 4062 543 4137 eat,
568 4055 702 4124 effectus
725 4061 759 4121 et
780 4060 955 4136 propterea
976 4054 1010 4118 in
1032 4053 1175 4119 subiecto
1192 4051 1339 4132 ¹studium

184 4153 403 4234 quaerendum
434 4160 500 4234 est,
533 4154 636 4219 altera
665 4157 787 4231 autam,
819 4150 998 4231 ubicunque
1023 4150 1106 4214 ratio
1134 4150 1261 4215 inversa
1282 4151 1341 4224 ost,

189 4251 236 4315 ito
258 4256 295 4315 ut
316 4249 347 4312 in
372 4251 479 4316 dativo
502 4268 652 4332 persona,
683 4251 733 4316 cui
756 4246 898 4314 studium
921 4251 983 4325 est,
1008 4247 1040 4312 iu
1069 4245 1213 4312 subiecto
1234 4251 1342 4309 eutem
