3040 4758
547 1068 725 1170 Seotio
755 1072 940 1201 prima.

244 1274 444 1376 Syntaxis
476 1277 848 1374 substantivorum,
886 1281 1240 1385 praepositionum

514 1418 639 1518 atque
674 1414 972 1517 pronominum.

643 1621 847 1630 *—

585 1741 612 1819 l.
665 1741 900 1820 Substantiva.

680 1917 752 1990 Gap.
775 1918 799 1975 1.

375 2071 376 2074 ¹
444 2045 499 2142 Ile
520 2046 678 2111 notione
701 2045 1046 2112 substantivorum.

246 2170 291 2249 In
313 2186 443 2267 syntaxi.
459 2187 498 2252 de
521 2187 713 2254 substantivi
726 2189 855 2254 notione
877 2192 975 2268 atque
996 2184 1225 2283 significatione
1246 2194 1318 2256 tan·

157 2292 292 2352 tumea
321 2288 488 2353 tractanda
516 2294 608 2370 sunt,
643 2307 725 2371 quae
755 2291 796 2355 ad
821 2307 915 2356 usum
945 2290 1138 2371 singularem
1166 2308 1321 2370 generum

159 2385 364 2466 quorundam
386 2385 674 2468 substantivorum,
708 2387 763 2467 qui
784 2386 901 2451 iterum
928 2404 966 2450 ac
994 2385 1122 2466 saepius
1148 2387 1320 2467 reperitur,

159 2485 321 2562 spectant,
354 2500 418 2547 non
439 2501 516 2548 vero
546 2483 792 2566 significationes
819 2483 998 2565 singulares
1025 2481 1222 2563 singulorum
1245 2484 1320 2550 sub-

158 2579 389 2659 stantivorum,
425 2596 504 2660 quas
532 2598 720 2646 enumerare
746 2580 954 2662 lexicologiae
981 2584 1044 2660 est,
1077 2598 1140 2644 non
1168 2581 1319 2662 syntaxis,

159 2691 355 2755 quamquam
376 2695 439 2741 non
461 2681 570 2756 potest
590 2677 716 2758 negari,
749 2677 783 2741 in
803 2677 864 2741 hac
884 2677 955 2757 ipsa
980 2680 1073 2758 parte
1095 2677 1320 2756 grammaticae

160 2767 241 2836 fines
264 2776 360 2851 atque
386 2773 505 2838 limites
531 2774 701 2853 utriusque
729 2773 894 2837 doctrinae
920 2790 984 2836 non
1011 2789 1106 2853 posse
1134 2777 1200 2837 tam
1226 2790 1319 2838 accu-

161 2873 233 2933 rate
262 2869 413 2935 constitui
440 2875 474 2936 et
501 2871 593 2952 quasi
620 2868 851 2948 circumscribi,
884 2873 922 2932 ut
949 2885 1011 2932 non
1045 2868 1206 2934 interdum
1233 2870 1320 2935 haud

162 2982 264 3045 pauca
286 2965 319 3029 in
342 2969 468 3049 syntaxi
491 2965 767 3033 commemoranda
788 2965 861 3045 sint,
884 2981 967 3044 quae
985 2966 1115 3045 proprie
1135 2966 1176 3032 ad
1195 2967 1320 3033 lexicon

160 3063 334 3142 pertinent.
379 3063 413 3129 Si
435 3083 512 3131 vero
533 3066 720 3130 immensam
743 3062 1030 3142 substantivorum,
1054 3067 1212 3144 quotquot
1234 3067 1318 3145 suut,

160 3159 286 3240 copiam
307 3161 558 3242 perlustramus,
587 3160 682 3229 facile
708 3160 885 3242 poterimus
913 3159 977 3224 duo
1004 3160 1177 3241 praecipue
1200 3177 1320 3241 genera

160 3273 273 3320 eorum
295 3258 491 3338 discernere,
526 3276 662 3339 quorum
690 3277 790 3324 unum
817 3257 1019 3323 substantiva
1044 3258 1146 3338 magis
1172 3257 1319 3338 specialis

160 3356 259 3432 atque
281 3353 466 3437 singularis,
499 3355 637 3422 alterum
659 3356 762 3437 magis
784 3353 944 3436 generalis
972 3351 1211 3435 significationis
1234 3372 1319 3420 ecm-

158 3448 320 3530 plectitur.

248 3553 275 3611 1.
312 3547 382 3613 Iam
403 3567 481 3614 usus
504 3550 639 3615 maxime
661 3546 876 3614 memorabilis
903 3551 936 3612 et
964 3553 1095 3627 praeter
1125 3552 1249 3613 ceteros
1271 3548 1319 3613 di·

160 3629 253 3726 gnus,
276 3645 331 3725 qui
354 3645 388 3710 in
408 3645 653 3713 adumbratione
675 3647 770 3712 huius
797 3643 899 3726 partis
922 3645 1063 3725 syntaxis
1089 3645 1208 3710 latinae
1231 3663 1316 3711 com·

158 3747 366 3822 memoretur,
389 3744 445 3823 qui
467 3744 565 3809 etiam
586 3745 739 3811 latissime
761 3746 867 3824 patet,
888 3741 940 3805 hic
963 3746 1022 3822 est,
1045 3747 1082 3806 ut
1102 3759 1161 3822 pro
1182 3741 1321 3808 notioni·

157 3839 221 3904 bus
253 3840 470 3921 singularibus
499 3842 658 3922 generalis
697 3841 801 3922 magis
836 3835 1076 3920 significationis
1108 3838 1318 3920 substantiva,

157 3953 296 4016 quorum
318 3937 458 4003 ambitus
480 3937 577 4004 latius
598 3943 704 4019 patet,
726 3938 813 4002 haud
833 3953 908 4002 raro
931 3940 1138 4015 usurpentur,
1161 3952 1224 4016 quo
1245 3954 1321 4017 per-

156 4032 242 4099 tinet
274 4034 437 4114 inprimis,
475 4035 503 4100 si
536 4036 698 4103 abstracta
731 4052 790 4118 pro
820 4032 977 4099 concretis
1006 4037 1178 4111 ponuntur.
1228 4032 1319 4096 Idem
1426 4057 1428 4066 ·

155 4149 238 4196 usus
262 4136 312 4196 est
330 4132 416 4211 apud
432 4131 582 4215 Graecos,
606 4135 646 4199 dc
668 4133 784 4214 quibus
806 4132 868 4197 vid.
891 4127 1079 4209 Bernhardy
1101 4128 1189 4210 Synt.
1213 4145 1318 4208 graec.

151 4246 186 4310 p.
210 4231 254 4292 46
289 4245 335 4308 sq.
379 4227 521 4296 Plurima
552 4238 660 4298 autem
688 4230 903 4309 substantiva,
936 4242 1018 4306 quac
1050 4224 1114 4291 huc
1145 4226 1318 4305 pertinent,

205 4328 293 4377 notua,
309 4329 419 4379 synaxis.
449 4331 468 4370 1.
1091 4336 1107 4389 1
