<?xml version="1.0" encoding="UTF-8"?>
<!DOCTYPE html PUBLIC "-//W3C//DTD XHTML 1.0 Transitional//EN"
    "http://www.w3.org/TR/xhtml1/DTD/xhtml1-transitional.dtd">
<html xmlns="http://www.w3.org/1999/xhtml" xml:lang="en" lang="en">
 <head>
  <title>
</title>
<meta http-equiv="Content-Type" content="text/html;charset=utf-8" />
  <meta name='ocr-system' content='tesseract 3.04.00' />
  <meta name='ocr-capabilities' content='ocr_page ocr_carea ocr_par ocr_line ocrx_word'/>
</head>
<body>
  <div class='ocr_page' id='page_1' title='image "./syntaxispriscor01holtgoog_0044.png"; bbox 0 0 3040 4758; ppageno 0'>
   <div class='ocr_carea' id='block_1_1' title="bbox 436 273 1297 346">
    <p class='ocr_par' dir='ltr' id='par_1_1' title="bbox 436 273 1297 346">
     <span class='ocr_line' id='line_1_1' title="bbox 436 273 1297 346; baseline 0.006 -33"><span class='ocrx_word' id='word_1_1' title='bbox 436 274 524 314; x_wconf 73' lang='grc' dir='ltr'>(ΙΑΒΙΙΒ</span> <span class='ocrx_word' id='word_1_2' title='bbox 539 273 807 316; x_wconf 73' lang='grc' dir='ltr'>ΕΠΒΒΤΔΙΙΤΙΙΙΟΙΙΙΙΙ.</span> <span class='ocrx_word' id='word_1_3' title='bbox 824 297 845 306; x_wconf 89' lang='grc'>-</span> <span class='ocrx_word' id='word_1_4' title='bbox 861 277 999 317; x_wconf 70' lang='grc' dir='ltr'>ΝΟΜΙΝΑΤ.</span> <span class='ocrx_word' id='word_1_5' title='bbox 1257 289 1297 346; x_wconf 73' lang='lat'><strong>27</strong></span> 
     </span>
    </p>
   </div>
   <div class='ocr_carea' id='block_1_2' title="bbox 134 447 1324 4324">
    <p class='ocr_par' dir='ltr' id='par_1_2' title="bbox 134 447 1298 815">
     <span class='ocr_line' id='line_1_2' title="bbox 134 447 1295 526; baseline 0.002 -16"><span class='ocrx_word' id='word_1_6' title='bbox 134 447 160 524; x_wconf 91' lang='grc' dir='ltr'><strong>Ι,</strong></span> <span class='ocrx_word' id='word_1_7' title='bbox 183 450 214 523; x_wconf 93' lang='grc'><strong>2,</strong></span> <span class='ocrx_word' id='word_1_8' title='bbox 236 452 297 510; x_wconf 88' lang='lat'><strong>44:</strong></span> <span class='ocrx_word' id='word_1_9' title='bbox 331 449 496 521; x_wconf 70' lang='lat' dir='ltr'>Paupertas</span> <span class='ocrx_word' id='word_1_10' title='bbox 525 450 595 507; x_wconf 90' lang='lat' dir='ltr'><strong>mibi</strong></span> <span class='ocrx_word' id='word_1_11' title='bbox 617 467 690 510; x_wconf 81' lang='lat' dir='ltr'><strong>ones</strong></span> <span class='ocrx_word' id='word_1_12' title='bbox 712 452 836 512; x_wconf 77' lang='lat' dir='ltr'><strong>visumst</strong></span> <span class='ocrx_word' id='word_1_13' title='bbox 861 457 892 512; x_wconf 92' lang='lat' dir='ltr'><strong>et</strong></span> <span class='ocrx_word' id='word_1_14' title='bbox 915 454 1054 514; x_wconf 80' lang='lat' dir='ltr'><strong>miserem</strong></span> <span class='ocrx_word' id='word_1_15' title='bbox 1077 459 1228 526; x_wconf 71' lang='lat' dir='ltr'><strong>eternae.</strong></span> <span class='ocrx_word' id='word_1_16' title='bbox 1257 481 1295 494; x_wconf 87' lang='lat'>-</span> 
     </span>
     <span class='ocr_line' id='line_1_3' title="bbox 135 540 1296 625; baseline 0.003 -19"><span class='ocrx_word' id='word_1_17' title='bbox 135 542 238 608; x_wconf 83' lang='lat' dir='ltr'><strong>Plaut.</strong></span> <span class='ocrx_word' id='word_1_18' title='bbox 263 540 359 606; x_wconf 87' lang='lat' dir='ltr'>Most.</span> <span class='ocrx_word' id='word_1_19' title='bbox 382 541 413 620; x_wconf 98' lang='grc' dir='ltr'><strong>Ι,</strong></span> <span class='ocrx_word' id='word_1_20' title='bbox 437 547 471 621; x_wconf 90' lang='grc'><strong>3,</strong></span> <span class='ocrx_word' id='word_1_21' title='bbox 496 547 553 607; x_wconf 81' lang='lat'><strong>76:</strong></span> <span class='ocrx_word' id='word_1_22' title='bbox 586 549 697 608; x_wconf 88' lang='lat' dir='ltr'><strong>utinam</strong></span> <span class='ocrx_word' id='word_1_23' title='bbox 722 566 803 609; x_wconf 90' lang='lat' dir='ltr'><strong>meus</strong></span> <span class='ocrx_word' id='word_1_24' title='bbox 827 567 904 609; x_wconf 87' lang='lat' dir='ltr'><strong>nune</strong></span> <span class='ocrx_word' id='word_1_25' title='bbox 927 554 1167 625; x_wconf 83' lang='lat' dir='ltr'><strong>mortnospeter</strong></span> <span class='ocrx_word' id='word_1_26' title='bbox 1190 552 1296 610; x_wconf 86' lang='lat' dir='ltr'><strong>adme</strong></span> 
     </span>
     <span class='ocr_line' id='line_1_4' title="bbox 135 639 1298 722; baseline 0.004 -20"><span class='ocrx_word' id='word_1_27' title='bbox 135 644 298 703; x_wconf 71' lang='lat' dir='ltr'><strong><em>nuntietur.</em></strong></span> <span class='ocrx_word' id='word_1_28' title='bbox 336 639 450 704; x_wconf 83' lang='lat' dir='ltr'><strong>Bacch.</strong></span> <span class='ocrx_word' id='word_1_29' title='bbox 468 639 526 720; x_wconf 87' lang='lat'>111,</span> <span class='ocrx_word' id='word_1_30' title='bbox 550 645 578 720; x_wconf 87' lang='lat'><strong>6,</strong></span> <span class='ocrx_word' id='word_1_31' title='bbox 606 647 659 706; x_wconf 84' lang='lat'><strong>12:</strong></span> <span class='ocrx_word' id='word_1_32' title='bbox 682 647 872 718; x_wconf 76' lang='lat' dir='ltr'><strong>reperiuntur</strong></span> <span class='ocrx_word' id='word_1_33' title='bbox 886 647 959 718; x_wconf 77' lang='lat' dir='ltr'><strong>fulsi</strong></span> <span class='ocrx_word' id='word_1_34' title='bbox 973 645 1159 721; x_wconf 84' lang='lat' dir='ltr'><strong>talsimcuiis,</strong></span> <span class='ocrx_word' id='word_1_35' title='bbox 1183 649 1298 722; x_wconf 81' lang='lat' dir='ltr'>Lingua</span> 
     </span>
     <span class='ocr_line' id='line_1_5' title="bbox 134 739 766 815; baseline 0.002 -15"><span class='ocrx_word' id='word_1_36' title='bbox 134 739 264 812; x_wconf 73' lang='lat' dir='ltr'><strong>fection,</strong></span> <span class='ocrx_word' id='word_1_37' title='bbox 286 741 394 800; x_wconf 83' lang='lat' dir='ltr'><strong>inertes</strong></span> <span class='ocrx_word' id='word_1_38' title='bbox 417 757 518 815; x_wconf 86' lang='lat' dir='ltr'><strong>opera,</strong></span> <span class='ocrx_word' id='word_1_39' title='bbox 542 743 676 803; x_wconf 88' lang='lat' dir='ltr'><strong>sublesta</strong></span> <span class='ocrx_word' id='word_1_40' title='bbox 698 743 766 802; x_wconf 89' lang='lat' dir='ltr'><strong>fide.</strong></span> 
     </span>
    </p>

    <p class='ocr_par' dir='ltr' id='par_1_3' title="bbox 137 833 1324 4324">
     <span class='ocr_line' id='line_1_6' title="bbox 222 833 1298 916; baseline 0.003 -19"><span class='ocrx_word' id='word_1_41' title='bbox 222 833 330 899; x_wconf 89' lang='lat' dir='ltr'><strong>Minus</strong></span> <span class='ocrx_word' id='word_1_42' title='bbox 350 839 419 898; x_wconf 91' lang='lat' dir='ltr'><strong>arte</strong></span> <span class='ocrx_word' id='word_1_43' title='bbox 440 834 589 900; x_wconf 84' lang='lat' dir='ltr'>cohaeret</span> <span class='ocrx_word' id='word_1_44' title='bbox 605 855 675 903; x_wconf 92' lang='lat' dir='ltr'><strong>cum</strong></span> <span class='ocrx_word' id='word_1_45' title='bbox 692 839 790 903; x_wconf 90' lang='lat' dir='ltr'><strong>verbo</strong></span> <span class='ocrx_word' id='word_1_46' title='bbox 810 838 1022 903; x_wconf 81' lang='lat' dir='ltr'><strong>nominativus</strong></span> <span class='ocrx_word' id='word_1_47' title='bbox 1043 838 1104 902; x_wconf 90' lang='lat' dir='ltr'><strong>iste</strong></span> <span class='ocrx_word' id='word_1_48' title='bbox 1124 842 1201 916; x_wconf 87' lang='lat' dir='ltr'><strong>tum,</strong></span> <span class='ocrx_word' id='word_1_49' title='bbox 1227 855 1298 902; x_wconf 92' lang='lat' dir='ltr'><strong>cum</strong></span> 
     </span>
     <span class='ocr_line' id='line_1_7' title="bbox 138 932 1299 1014; baseline 0.002 -18"><span class='ocrx_word' id='word_1_50' title='bbox 138 933 171 997; x_wconf 91' lang='lat' dir='ltr'><strong>in</strong></span> <span class='ocrx_word' id='word_1_51' title='bbox 194 932 450 996; x_wconf 81' lang='lat' dir='ltr'><strong>enunciationem</strong></span> <span class='ocrx_word' id='word_1_52' title='bbox 473 935 565 1013; x_wconf 84' lang='lat' dir='ltr'><strong>quasi</strong></span> <span class='ocrx_word' id='word_1_53' title='bbox 588 936 808 1000; x_wconf 82' lang='lat' dir='ltr'><strong>secundariam</strong></span> <span class='ocrx_word' id='word_1_54' title='bbox 833 935 915 1000; x_wconf 90' lang='lat' dir='ltr'><strong>solvi</strong></span> <span class='ocrx_word' id='word_1_55' title='bbox 937 940 1059 1014; x_wconf 87' lang='lat' dir='ltr'><strong>potest,</strong></span> <span class='ocrx_word' id='word_1_56' title='bbox 1082 935 1128 998; x_wconf 87' lang='lat' dir='ltr'><strong>ita</strong></span> <span class='ocrx_word' id='word_1_57' title='bbox 1150 939 1186 998; x_wconf 90' lang='lat' dir='ltr'><strong>ut</strong></span> <span class='ocrx_word' id='word_1_58' title='bbox 1207 952 1299 1013; x_wconf 90' lang='lat' dir='ltr'><strong>prae-</strong></span> 
     </span>
     <span class='ocr_line' id='line_1_8' title="bbox 138 1029 1298 1112; baseline 0.002 -18"><span class='ocrx_word' id='word_1_59' title='bbox 138 1029 278 1095; x_wconf 90' lang='lat' dir='ltr'><strong>dicatum</strong></span> <span class='ocrx_word' id='word_1_60' title='bbox 300 1029 409 1094; x_wconf 89' lang='lat' dir='ltr'><strong>addito</strong></span> <span class='ocrx_word' id='word_1_61' title='bbox 430 1029 483 1093; x_wconf 94' lang='lat' dir='ltr'><strong>illo</strong></span> <span class='ocrx_word' id='word_1_62' title='bbox 507 1032 703 1096; x_wconf 88' lang='lat' dir='ltr'><strong>nominative</strong></span> <span class='ocrx_word' id='word_1_63' title='bbox 723 1033 938 1112; x_wconf 84' lang='lat' dir='ltr'><strong>restringatur</strong></span> <span class='ocrx_word' id='word_1_64' title='bbox 958 1031 1049 1110; x_wconf 83' lang='lat' dir='ltr'><strong>quasi</strong></span> <span class='ocrx_word' id='word_1_65' title='bbox 1070 1036 1104 1096; x_wconf 91' lang='lat' dir='ltr'><strong>et</strong></span> <span class='ocrx_word' id='word_1_66' title='bbox 1119 1031 1298 1097; x_wconf 81' lang='lat' dir='ltr'><strong>accuratius</strong></span> 
     </span>
     <span class='ocr_line' id='line_1_9' title="bbox 139 1125 1297 1210; baseline -0.003 -18"><span class='ocrx_word' id='word_1_67' title='bbox 139 1125 318 1192; x_wconf 87' lang='lat' dir='ltr'><strong>definiatur.</strong></span> <span class='ocrx_word' id='word_1_68' title='bbox 364 1125 415 1191; x_wconf 87' lang='lat' dir='ltr'><strong>Sic</strong></span> <span class='ocrx_word' id='word_1_69' title='bbox 437 1128 522 1207; x_wconf 91' lang='lat' dir='ltr'><strong>apud</strong></span> <span class='ocrx_word' id='word_1_70' title='bbox 546 1129 670 1193; x_wconf 92' lang='lat' dir='ltr'><strong>Livium</strong></span> <span class='ocrx_word' id='word_1_71' title='bbox 694 1130 862 1195; x_wconf 82' lang='lat' dir='ltr'><strong>Andronis.</strong></span> <span class='ocrx_word' id='word_1_72' title='bbox 886 1128 1032 1210; x_wconf 82' lang='lat' dir='ltr'><strong>Aegisthi</strong></span> <span class='ocrx_word' id='word_1_73' title='bbox 1053 1127 1090 1192; x_wconf 90' lang='lat' dir='ltr'><strong>fr.</strong></span> <span class='ocrx_word' id='word_1_74' title='bbox 1115 1133 1149 1192; x_wconf 82' lang='lat'><strong>5:</strong></span> <span class='ocrx_word' id='word_1_75' title='bbox 1173 1131 1297 1190; x_wconf 82' lang='lat' dir='ltr'><strong>Sollem-</strong></span> 
     </span>
     <span class='ocr_line' id='line_1_10' title="bbox 142 1225 1299 1301; baseline -0.001 -14"><span class='ocrx_word' id='word_1_76' title='bbox 142 1229 281 1301; x_wconf 88' lang='lat' dir='ltr'><strong>nitusque</strong></span> <span class='ocrx_word' id='word_1_77' title='bbox 305 1227 361 1286; x_wconf 93' lang='lat' dir='ltr'><strong>deo</strong></span> <span class='ocrx_word' id='word_1_78' title='bbox 384 1227 452 1286; x_wconf 87' lang='lat' dir='ltr'><strong>litat</strong></span> <span class='ocrx_word' id='word_1_79' title='bbox 475 1229 591 1287; x_wconf 84' lang='lat' dir='ltr'><strong>laudem</strong></span> <span class='ocrx_word' id='word_1_80' title='bbox 617 1230 726 1289; x_wconf 75' lang='lat' dir='ltr'><strong>luders.</strong></span> <span class='ocrx_word' id='word_1_81' title='bbox 771 1227 870 1291; x_wconf 87' lang='lat' dir='ltr'><strong>Naev.</strong></span> <span class='ocrx_word' id='word_1_82' title='bbox 896 1225 935 1291; x_wconf 85' lang='lat' dir='ltr'><strong>fr.</strong></span> <span class='ocrx_word' id='word_1_83' title='bbox 963 1227 1021 1291; x_wconf 88' lang='lat' dir='ltr'><strong>inc.</strong></span> <span class='ocrx_word' id='word_1_84' title='bbox 1051 1243 1129 1291; x_wconf 86' lang='lat' dir='ltr'><strong>com.</strong></span> <span class='ocrx_word' id='word_1_85' title='bbox 1161 1231 1214 1290; x_wconf 85' lang='lat'><strong>19:</strong></span> <span class='ocrx_word' id='word_1_86' title='bbox 1252 1231 1299 1288; x_wconf 85' lang='lat' dir='ltr'><strong>An</strong></span> 
     </span>
     <span class='ocr_line' id='line_1_11' title="bbox 140 1321 1298 1404; baseline 0 -20"><span class='ocrx_word' id='word_1_87' title='bbox 140 1332 212 1385; x_wconf 88' lang='lat' dir='ltr'><strong>nata</strong></span> <span class='ocrx_word' id='word_1_88' title='bbox 235 1331 283 1384; x_wconf 88' lang='lat' dir='ltr'><strong>est</strong></span> <span class='ocrx_word' id='word_1_89' title='bbox 305 1342 415 1397; x_wconf 86' lang='lat' dir='ltr'><strong>sponsa</strong></span> <span class='ocrx_word' id='word_1_90' title='bbox 432 1327 607 1398; x_wconf 74' lang='lat' dir='ltr'><strong>praegnas?</strong></span> <span class='ocrx_word' id='word_1_91' title='bbox 641 1329 689 1387; x_wconf 92' lang='lat' dir='ltr'><strong>vel</strong></span> <span class='ocrx_word' id='word_1_92' title='bbox 717 1335 748 1386; x_wconf 88' lang='lat' dir='ltr'><strong>at</strong></span> <span class='ocrx_word' id='word_1_93' title='bbox 776 1329 822 1386; x_wconf 90' lang='lat' dir='ltr'><strong>vel</strong></span> <span class='ocrx_word' id='word_1_94' title='bbox 849 1343 932 1400; x_wconf 86' lang='lat' dir='ltr'><strong>nega.</strong></span> <span class='ocrx_word' id='word_1_95' title='bbox 977 1323 1077 1388; x_wconf 90' lang='lat' dir='ltr'><strong>Naev.</strong></span> <span class='ocrx_word' id='word_1_96' title='bbox 1101 1323 1237 1404; x_wconf 84' lang='lat' dir='ltr'><strong>Lyeurg.</strong></span> <span class='ocrx_word' id='word_1_97' title='bbox 1261 1321 1298 1386; x_wconf 85' lang='lat' dir='ltr'><strong>fr.</strong></span> 
     </span>
     <span class='ocr_line' id='line_1_12' title="bbox 140 1419 1300 1500; baseline -0.002 -16"><span class='ocrx_word' id='word_1_98' title='bbox 140 1426 196 1484; x_wconf 81' lang='lat'><strong>24:</strong></span> <span class='ocrx_word' id='word_1_99' title='bbox 222 1424 283 1481; x_wconf 87' lang='lat' dir='ltr'><strong>Vos</strong></span> <span class='ocrx_word' id='word_1_100' title='bbox 306 1422 357 1496; x_wconf 91' lang='lat' dir='ltr'><strong>qui</strong></span> <span class='ocrx_word' id='word_1_101' title='bbox 381 1424 486 1482; x_wconf 83' lang='lat' dir='ltr'><strong>estatis</strong></span> <span class='ocrx_word' id='word_1_102' title='bbox 510 1424 659 1482; x_wconf 75' lang='lat' dir='ltr'><strong>obstinati.</strong></span> <span class='ocrx_word' id='word_1_103' title='bbox 705 1419 741 1484; x_wconf 88' lang='lat' dir='ltr'><strong>ir.</strong></span> <span class='ocrx_word' id='word_1_104' title='bbox 765 1422 825 1486; x_wconf 90' lang='lat' dir='ltr'><strong>iuc.</strong></span> <span class='ocrx_word' id='word_1_105' title='bbox 850 1428 931 1500; x_wconf 81' lang='lat' dir='ltr'><strong>trag.</strong></span> <span class='ocrx_word' id='word_1_106' title='bbox 956 1425 991 1485; x_wconf 83' lang='lat'><strong>4:</strong></span> <span class='ocrx_word' id='word_1_107' title='bbox 1024 1423 1120 1483; x_wconf 83' lang='lat' dir='ltr'><strong>Dubii</strong></span> <span class='ocrx_word' id='word_1_108' title='bbox 1149 1422 1300 1483; x_wconf 86' lang='lat' dir='ltr'><strong>laventem</strong></span> 
     </span>
     <span class='ocr_line' id='line_1_13' title="bbox 139 1516 1300 1595; baseline -0.002 -15"><span class='ocrx_word' id='word_1_109' title='bbox 139 1538 193 1595; x_wconf 92' lang='lat' dir='ltr'><strong>per</strong></span> <span class='ocrx_word' id='word_1_110' title='bbox 216 1518 326 1578; x_wconf 85' lang='lat' dir='ltr'><strong>fretum</strong></span> <span class='ocrx_word' id='word_1_111' title='bbox 349 1519 585 1580; x_wconf 89' lang='lat' dir='ltr'><strong>introcurrimus.</strong></span> <span class='ocrx_word' id='word_1_112' title='bbox 629 1516 728 1582; x_wconf 85' lang='lat' dir='ltr'><strong>Naev.</strong></span> <span class='ocrx_word' id='word_1_113' title='bbox 754 1517 853 1583; x_wconf 83' lang='lat' dir='ltr'><strong>Colax</strong></span> <span class='ocrx_word' id='word_1_114' title='bbox 873 1516 910 1581; x_wconf 85' lang='lat' dir='ltr'><strong>fr.</strong></span> <span class='ocrx_word' id='word_1_115' title='bbox 934 1523 968 1582; x_wconf 81' lang='lat'><strong>4:</strong></span> <span class='ocrx_word' id='word_1_116' title='bbox 1004 1522 1242 1580; x_wconf 84' lang='lat' dir='ltr'><strong>exanimabiliter</strong></span> <span class='ocrx_word' id='word_1_117' title='bbox 1265 1520 1300 1578; x_wconf 82' lang='lat' dir='ltr'><strong>ti·</strong></span> 
     </span>
     <span class='ocr_line' id='line_1_14' title="bbox 140 1613 1298 1693; baseline 0.003 -18"><span class='ocrx_word' id='word_1_118' title='bbox 140 1618 241 1676; x_wconf 85' lang='lat' dir='ltr'><strong>medns</strong></span> <span class='ocrx_word' id='word_1_119' title='bbox 262 1619 388 1692; x_wconf 88' lang='lat' dir='ltr'><strong>pedibus</strong></span> <span class='ocrx_word' id='word_1_120' title='bbox 411 1619 560 1691; x_wconf 84' lang='lat' dir='ltr'><strong>protinam</strong></span> <span class='ocrx_word' id='word_1_121' title='bbox 584 1635 629 1676; x_wconf 91' lang='lat' dir='ltr'><strong>me</strong></span> <span class='ocrx_word' id='word_1_122' title='bbox 653 1619 731 1676; x_wconf 87' lang='lat' dir='ltr'><strong>dedi.</strong></span> <span class='ocrx_word' id='word_1_123' title='bbox 777 1616 871 1679; x_wconf 84' lang='lat' dir='ltr'><strong>Ennii</strong></span> <span class='ocrx_word' id='word_1_124' title='bbox 893 1614 996 1679; x_wconf 87' lang='lat' dir='ltr'><strong>annal.</strong></span> <span class='ocrx_word' id='word_1_125' title='bbox 1020 1614 1040 1677; x_wconf 92' lang='lat' dir='ltr'><strong>l.</strong></span> <span class='ocrx_word' id='word_1_126' title='bbox 1063 1613 1094 1693; x_wconf 92' lang='grc' dir='ltr'><strong>Ι,</strong></span> <span class='ocrx_word' id='word_1_127' title='bbox 1126 1613 1164 1678; x_wconf 88' lang='lat' dir='ltr'><strong>fr.</strong></span> <span class='ocrx_word' id='word_1_128' title='bbox 1190 1621 1245 1693; x_wconf 87' lang='grc'><strong>57,</strong></span> <span class='ocrx_word' id='word_1_129' title='bbox 1270 1631 1298 1678; x_wconf 92' lang='lat' dir='ltr'><strong>v.</strong></span> 
     </span>
     <span class='ocr_line' id='line_1_15' title="bbox 140 1711 1299 1790; baseline -0.002 -14"><span class='ocrx_word' id='word_1_130' title='bbox 140 1716 196 1777; x_wconf 83' lang='lat'><strong>88:</strong></span> <span class='ocrx_word' id='word_1_131' title='bbox 221 1731 324 1774; x_wconf 91' lang='lat' dir='ltr'><strong>omnes</strong></span> <span class='ocrx_word' id='word_1_132' title='bbox 347 1711 431 1774; x_wconf 81' lang='lat' dir='ltr'><strong>auidi</strong></span> <span class='ocrx_word' id='word_1_133' title='bbox 451 1723 590 1788; x_wconf 88' lang='lat' dir='ltr'><strong>spectant</strong></span> <span class='ocrx_word' id='word_1_134' title='bbox 614 1716 650 1774; x_wconf 88' lang='lat' dir='ltr'><strong>ed</strong></span> <span class='ocrx_word' id='word_1_135' title='bbox 674 1718 804 1776; x_wconf 89' lang='lat' dir='ltr'><strong>carceris</strong></span> <span class='ocrx_word' id='word_1_136' title='bbox 827 1731 904 1775; x_wconf 87' lang='lat' dir='ltr'><strong>oras.</strong></span> <span class='ocrx_word' id='word_1_137' title='bbox 948 1711 1045 1790; x_wconf 81' lang='lat' dir='ltr'>LVI,</span> <span class='ocrx_word' id='word_1_138' title='bbox 1069 1711 1105 1776; x_wconf 83' lang='lat' dir='ltr'><strong>ir.</strong></span> <span class='ocrx_word' id='word_1_139' title='bbox 1132 1717 1179 1775; x_wconf 93' lang='lat'><strong>14.</strong></span> <span class='ocrx_word' id='word_1_140' title='bbox 1209 1711 1229 1775; x_wconf 93' lang='lat' dir='ltr'><strong>l.</strong></span> <span class='ocrx_word' id='word_1_141' title='bbox 1247 1711 1299 1790; x_wconf 89' lang='lat' dir='ltr'><strong>VI,</strong></span> 
     </span>
     <span class='ocr_line' id='line_1_16' title="bbox 139 1807 1300 1888; baseline -0.002 -16"><span class='ocrx_word' id='word_1_142' title='bbox 139 1807 176 1872; x_wconf 90' lang='lat' dir='ltr'><strong>fr.</strong></span> <span class='ocrx_word' id='word_1_143' title='bbox 207 1813 256 1888; x_wconf 86' lang='lat'><strong>18,</strong></span> <span class='ocrx_word' id='word_1_144' title='bbox 292 1829 318 1872; x_wconf 94' lang='lat' dir='ltr'><strong>v.</strong></span> <span class='ocrx_word' id='word_1_145' title='bbox 345 1814 419 1873; x_wconf 83' lang='lat'>216:</span> <span class='ocrx_word' id='word_1_146' title='bbox 454 1814 494 1872; x_wconf 89' lang='lat' dir='ltr'><strong>Ut</strong></span> <span class='ocrx_word' id='word_1_147' title='bbox 521 1829 577 1886; x_wconf 92' lang='lat' dir='ltr'><strong>pro</strong></span> <span class='ocrx_word' id='word_1_148' title='bbox 607 1814 738 1873; x_wconf 85' lang='lat' dir='ltr'><strong>Romano</strong></span> <span class='ocrx_word' id='word_1_149' title='bbox 762 1815 873 1886; x_wconf 90' lang='lat' dir='ltr'><strong>populo</strong></span> <span class='ocrx_word' id='word_1_150' title='bbox 899 1813 1088 1886; x_wconf 89' lang='lat' dir='ltr'><strong>proguariter</strong></span> <span class='ocrx_word' id='word_1_151' title='bbox 1116 1813 1205 1870; x_wconf 85' lang='lat' dir='ltr'><strong>armis</strong></span> <span class='ocrx_word' id='word_1_152' title='bbox 1229 1811 1300 1870; x_wconf 83' lang='lat' dir='ltr'><strong>Cer·</strong></span> 
     </span>
     <span class='ocr_line' id='line_1_17' title="bbox 141 1903 1298 1982; baseline 0.003 -16"><span class='ocrx_word' id='word_1_153' title='bbox 141 1910 231 1968; x_wconf 89' lang='lat' dir='ltr'><strong>tando</strong></span> <span class='ocrx_word' id='word_1_154' title='bbox 249 1910 384 1981; x_wconf 74' lang='lat' dir='ltr'><strong>pendens</strong></span> <span class='ocrx_word' id='word_1_155' title='bbox 406 1911 532 1970; x_wconf 87' lang='lat' dir='ltr'><strong>animam</strong></span> <span class='ocrx_word' id='word_1_156' title='bbox 557 1911 592 1969; x_wconf 89' lang='lat' dir='ltr'><strong>de</strong></span> <span class='ocrx_word' id='word_1_157' title='bbox 617 1927 742 1982; x_wconf 90' lang='lat' dir='ltr'><strong>corpore</strong></span> <span class='ocrx_word' id='word_1_158' title='bbox 766 1913 860 1970; x_wconf 87' lang='lat' dir='ltr'><strong>mitto.</strong></span> <span class='ocrx_word' id='word_1_159' title='bbox 900 1906 1191 1970; x_wconf 85' lang='lat' dir='ltr'><strong>Pancratiastarum</strong></span> <span class='ocrx_word' id='word_1_160' title='bbox 1214 1903 1252 1972; x_wconf 85' lang='lat' dir='ltr'><strong>fr.</strong></span> <span class='ocrx_word' id='word_1_161' title='bbox 1267 1912 1298 1970; x_wconf 80' lang='lat'><strong>3:</strong></span> 
     </span>
     <span class='ocr_line' id='line_1_18' title="bbox 142 2002 1299 2081; baseline 0.001 -16"><span class='ocrx_word' id='word_1_162' title='bbox 142 2006 215 2065; x_wconf 85' lang='lat' dir='ltr'><strong>Cum</strong></span> <span class='ocrx_word' id='word_1_163' title='bbox 232 2007 369 2067; x_wconf 85' lang='lat' dir='ltr'><strong>desubito</strong></span> <span class='ocrx_word' id='word_1_164' title='bbox 386 2025 431 2065; x_wconf 89' lang='lat' dir='ltr'><strong>me</strong></span> <span class='ocrx_word' id='word_1_165' title='bbox 453 2016 520 2066; x_wconf 89' lang='lat' dir='ltr'><strong>orat</strong></span> <span class='ocrx_word' id='word_1_166' title='bbox 535 2009 642 2066; x_wconf 92' lang='lat' dir='ltr'><strong>muller</strong></span> <span class='ocrx_word' id='word_1_167' title='bbox 654 2008 873 2081; x_wconf 81' lang='lat' dir='ltr'><strong>lacrimansque</strong></span> <span class='ocrx_word' id='word_1_168' title='bbox 890 2007 927 2065; x_wconf 90' lang='lat' dir='ltr'><strong>ad</strong></span> <span class='ocrx_word' id='word_1_169' title='bbox 942 2022 1037 2080; x_wconf 90' lang='lat' dir='ltr'><strong>genua</strong></span> <span class='ocrx_word' id='word_1_170' title='bbox 1053 2006 1172 2065; x_wconf 90' lang='lat' dir='ltr'><strong>accidit.</strong></span> <span class='ocrx_word' id='word_1_171' title='bbox 1195 2002 1299 2067; x_wconf 85' lang='lat' dir='ltr'><strong>Satur.</strong></span> 
     </span>
     <span class='ocr_line' id='line_1_19' title="bbox 142 2100 1300 2180; baseline -0.004 -16"><span class='ocrx_word' id='word_1_172' title='bbox 142 2101 162 2164; x_wconf 90' lang='lat' dir='ltr'><strong>l.</strong></span> <span class='ocrx_word' id='word_1_173' title='bbox 187 2100 247 2180; x_wconf 95' lang='lat' dir='ltr'><strong>VI,</strong></span> <span class='ocrx_word' id='word_1_174' title='bbox 282 2120 310 2165; x_wconf 87' lang='lat' dir='ltr'><strong>v.</strong></span> <span class='ocrx_word' id='word_1_175' title='bbox 335 2107 390 2165; x_wconf 88' lang='lat'><strong>31:</strong></span> <span class='ocrx_word' id='word_1_176' title='bbox 429 2106 484 2163; x_wconf 92' lang='lat' dir='ltr'><strong>Ille</strong></span> <span class='ocrx_word' id='word_1_177' title='bbox 512 2105 606 2164; x_wconf 73' lang='lat' dir='ltr'><strong>tristis</strong></span> <span class='ocrx_word' id='word_1_178' title='bbox 635 2106 731 2164; x_wconf 91' lang='lat' dir='ltr'><strong>eibum</strong></span> <span class='ocrx_word' id='word_1_179' title='bbox 759 2105 828 2163; x_wconf 91' lang='lat' dir='ltr'><strong>dum</strong></span> <span class='ocrx_word' id='word_1_180' title='bbox 857 2111 971 2176; x_wconf 88' lang='lat' dir='ltr'><strong>servat,</strong></span> <span class='ocrx_word' id='word_1_181' title='bbox 1005 2110 1038 2162; x_wconf 91' lang='lat' dir='ltr'><strong>tu</strong></span> <span class='ocrx_word' id='word_1_182' title='bbox 1072 2104 1171 2162; x_wconf 81' lang='lat' dir='ltr'><strong>rideres</strong></span> <span class='ocrx_word' id='word_1_183' title='bbox 1203 2119 1300 2162; x_wconf 88' lang='lat' dir='ltr'><strong>voras.</strong></span> 
     </span>
     <span class='ocr_line' id='line_1_20' title="bbox 141 2196 1299 2278; baseline 0 -18"><span class='ocrx_word' id='word_1_184' title='bbox 141 2198 336 2278; x_wconf 85' lang='lat' dir='ltr'><strong>Epigramm.</strong></span> <span class='ocrx_word' id='word_1_185' title='bbox 364 2204 393 2278; x_wconf 92' lang='lat' dir='ltr'><strong>l,</strong></span> <span class='ocrx_word' id='word_1_186' title='bbox 431 2218 460 2263; x_wconf 92' lang='lat' dir='ltr'><strong>v.</strong></span> <span class='ocrx_word' id='word_1_187' title='bbox 484 2208 517 2263; x_wconf 89' lang='lat'><strong>4:</strong></span> <span class='ocrx_word' id='word_1_188' title='bbox 555 2204 646 2262; x_wconf 90' lang='lat' dir='ltr'><strong>volito</strong></span> <span class='ocrx_word' id='word_1_189' title='bbox 674 2203 759 2260; x_wconf 81' lang='lat' dir='ltr'><strong>niens</strong></span> <span class='ocrx_word' id='word_1_190' title='bbox 789 2219 844 2275; x_wconf 92' lang='lat' dir='ltr'><strong>per</strong></span> <span class='ocrx_word' id='word_1_191' title='bbox 868 2218 922 2260; x_wconf 91' lang='lat' dir='ltr'><strong>ora</strong></span> <span class='ocrx_word' id='word_1_192' title='bbox 950 2202 1053 2259; x_wconf 90' lang='lat' dir='ltr'><strong>virum.</strong></span> <span class='ocrx_word' id='word_1_193' title='bbox 1098 2197 1176 2262; x_wconf 83' lang='lat' dir='ltr'><strong>Sota</strong></span> <span class='ocrx_word' id='word_1_194' title='bbox 1202 2196 1241 2261; x_wconf 83' lang='lat' dir='ltr'><strong>fr.</strong></span> <span class='ocrx_word' id='word_1_195' title='bbox 1267 2203 1299 2260; x_wconf 89' lang='lat'><strong>5:</strong></span> 
     </span>
     <span class='ocr_line' id='line_1_21' title="bbox 141 2291 1299 2372; baseline 0.001 -17"><span class='ocrx_word' id='word_1_196' title='bbox 141 2300 196 2357; x_wconf 89' lang='lat' dir='ltr'><strong>llle</strong></span> <span class='ocrx_word' id='word_1_197' title='bbox 229 2294 302 2356; x_wconf 87' lang='lat' dir='ltr'><strong>ictu’</strong></span> <span class='ocrx_word' id='word_1_198' title='bbox 338 2307 420 2358; x_wconf 89' lang='lat' dir='ltr'><strong>retro</strong></span> <span class='ocrx_word' id='word_1_199' title='bbox 454 2300 580 2358; x_wconf 86' lang='lat' dir='ltr'><strong>reccidit</strong></span> <span class='ocrx_word' id='word_1_200' title='bbox 609 2302 638 2358; x_wconf 89' lang='lat' dir='ltr'><strong>in</strong></span> <span class='ocrx_word' id='word_1_201' title='bbox 668 2311 767 2358; x_wconf 84' lang='lat' dir='ltr'><strong>netem</strong></span> <span class='ocrx_word' id='word_1_202' title='bbox 795 2299 926 2372; x_wconf 77' lang='lat' dir='ltr'><strong>anniane.</strong></span> <span class='ocrx_word' id='word_1_203' title='bbox 973 2294 1173 2359; x_wconf 84' lang='lat' dir='ltr'><strong>Euhemerus</strong></span> <span class='ocrx_word' id='word_1_204' title='bbox 1203 2291 1218 2356; x_wconf 91' lang='lat' dir='ltr'><strong>f</strong></span> <span class='ocrx_word' id='word_1_205' title='bbox 1234 2343 1240 2358; x_wconf 92' lang='lat'><strong>.</strong></span> <span class='ocrx_word' id='word_1_206' title='bbox 1267 2299 1299 2356; x_wconf 92' lang='lat'><strong>1:</strong></span> 
     </span>
     <span class='ocr_line' id='line_1_22' title="bbox 139 2390 1297 2478; baseline 0.003 -25"><span class='ocrx_word' id='word_1_207' title='bbox 139 2396 229 2454; x_wconf 89' lang='lat' dir='ltr'><strong>Initio</strong></span> <span class='ocrx_word' id='word_1_208' title='bbox 246 2396 366 2478; x_wconf 74' lang='lat' dir='ltr'><strong>primns</strong></span> <span class='ocrx_word' id='word_1_209' title='bbox 395 2397 425 2454; x_wconf 90' lang='lat' dir='ltr'><strong>in</strong></span> <span class='ocrx_word' id='word_1_210' title='bbox 450 2397 539 2455; x_wconf 88' lang='lat' dir='ltr'><strong>terris</strong></span> <span class='ocrx_word' id='word_1_211' title='bbox 562 2399 717 2470; x_wconf 91' lang='lat' dir='ltr'><strong>imperium</strong></span> <span class='ocrx_word' id='word_1_212' title='bbox 746 2414 888 2456; x_wconf 90' lang='lat' dir='ltr'><strong>summum</strong></span> <span class='ocrx_word' id='word_1_213' title='bbox 912 2396 1020 2454; x_wconf 84' lang='lat' dir='ltr'><strong>Caelus</strong></span> <span class='ocrx_word' id='word_1_214' title='bbox 1050 2395 1161 2454; x_wconf 84' lang='lat' dir='ltr'><strong>habuit.</strong></span> <span class='ocrx_word' id='word_1_215' title='bbox 1205 2390 1243 2455; x_wconf 83' lang='lat' dir='ltr'><strong>fr.</strong></span> <span class='ocrx_word' id='word_1_216' title='bbox 1269 2397 1297 2468; x_wconf 89' lang='lat'><strong>3,</strong></span> 
     </span>
     <span class='ocr_line' id='line_1_23' title="bbox 142 2489 1299 2570; baseline -0.002 -18"><span class='ocrx_word' id='word_1_217' title='bbox 142 2494 193 2554; x_wconf 87' lang='lat'><strong>13:</strong></span> <span class='ocrx_word' id='word_1_218' title='bbox 217 2493 346 2552; x_wconf 88' lang='lat' dir='ltr'><strong>Saturno</strong></span> <span class='ocrx_word' id='word_1_219' title='bbox 369 2493 446 2553; x_wconf 90' lang='lat' dir='ltr'><strong>filius</strong></span> <span class='ocrx_word' id='word_1_220' title='bbox 471 2494 520 2568; x_wconf 94' lang='lat' dir='ltr'><strong>qui</strong></span> <span class='ocrx_word' id='word_1_221' title='bbox 537 2495 656 2565; x_wconf 80' lang='lat' dir='ltr'><strong>primns</strong></span> <span class='ocrx_word' id='word_1_222' title='bbox 678 2500 764 2553; x_wconf 87' lang='lat' dir='ltr'><strong>uatus</strong></span> <span class='ocrx_word' id='word_1_223' title='bbox 786 2501 841 2554; x_wconf 92' lang='lat' dir='ltr'><strong>est.</strong></span> <span class='ocrx_word' id='word_1_224' title='bbox 885 2489 922 2553; x_wconf 83' lang='lat' dir='ltr'><strong>fr.</strong></span> <span class='ocrx_word' id='word_1_225' title='bbox 937 2495 966 2570; x_wconf 84' lang='grc'><strong>7,</strong></span> <span class='ocrx_word' id='word_1_226' title='bbox 991 2495 1047 2554; x_wconf 85' lang='grc'><strong>32;</strong></span> <span class='ocrx_word' id='word_1_227' title='bbox 1068 2493 1242 2567; x_wconf 69' lang='lat' dir='ltr'><strong>pnnnnque</strong></span> <span class='ocrx_word' id='word_1_228' title='bbox 1268 2493 1299 2551; x_wconf 91' lang='lat' dir='ltr'><strong>in</strong></span> 
     </span>
     <span class='ocr_line' id='line_1_24' title="bbox 139 2587 1298 2667; baseline -0.001 -18"><span class='ocrx_word' id='word_1_229' title='bbox 139 2607 175 2649; x_wconf 85' lang='lat' dir='ltr'><strong>ea</strong></span> <span class='ocrx_word' id='word_1_230' title='bbox 198 2607 251 2649; x_wconf 88' lang='lat' dir='ltr'><strong>ara</strong></span> <span class='ocrx_word' id='word_1_231' title='bbox 274 2591 409 2665; x_wconf 90' lang='lat' dir='ltr'><strong>Iuppiter</strong></span> <span class='ocrx_word' id='word_1_232' title='bbox 433 2591 621 2650; x_wconf 86' lang='lat' dir='ltr'><strong>sacrificavit.</strong></span> <span class='ocrx_word' id='word_1_233' title='bbox 667 2588 771 2652; x_wconf 87' lang='lat' dir='ltr'><strong>Plaut.</strong></span> <span class='ocrx_word' id='word_1_234' title='bbox 796 2587 881 2652; x_wconf 88' lang='lat' dir='ltr'><strong>Triu.</strong></span> <span class='ocrx_word' id='word_1_235' title='bbox 904 2588 951 2667; x_wconf 89' lang='grc' dir='ltr'><strong>ΙΙ,</strong></span> <span class='ocrx_word' id='word_1_236' title='bbox 975 2595 1010 2666; x_wconf 87' lang='grc'><strong>4,</strong></span> <span class='ocrx_word' id='word_1_237' title='bbox 1034 2593 1088 2651; x_wconf 83' lang='grc'><strong>72;</strong></span> <span class='ocrx_word' id='word_1_238' title='bbox 1122 2591 1235 2649; x_wconf 86' lang='lat' dir='ltr'><strong>Edisne</strong></span> <span class='ocrx_word' id='word_1_239' title='bbox 1260 2606 1298 2648; x_wconf 85' lang='lat' dir='ltr'><strong>an</strong></span> 
     </span>
     <span class='ocr_line' id='line_1_25' title="bbox 137 2685 1299 2762; baseline 0.001 -19"><span class='ocrx_word' id='word_1_240' title='bbox 137 2686 292 2746; x_wconf 81' lang='lat' dir='ltr'><strong>incenatus</strong></span> <span class='ocrx_word' id='word_1_241' title='bbox 315 2705 379 2746; x_wconf 88' lang='lat' dir='ltr'><strong>cum</strong></span> <span class='ocrx_word' id='word_1_242' title='bbox 403 2689 544 2760; x_wconf 89' lang='lat' dir='ltr'><strong>opulento</strong></span> <span class='ocrx_word' id='word_1_243' title='bbox 568 2688 717 2746; x_wconf 79' lang='lat' dir='ltr'><strong>adcubes?</strong></span> <span class='ocrx_word' id='word_1_244' title='bbox 761 2685 841 2748; x_wconf 88' lang='lat' dir='ltr'><strong>Rud.</strong></span> <span class='ocrx_word' id='word_1_245' title='bbox 867 2685 913 2762; x_wconf 88' lang='grc' dir='ltr'><strong>ΙΙ,</strong></span> <span class='ocrx_word' id='word_1_246' title='bbox 947 2689 978 2762; x_wconf 94' lang='lat'><strong>1,</strong></span> <span class='ocrx_word' id='word_1_247' title='bbox 1013 2690 1067 2746; x_wconf 89' lang='lat'><strong>13:</strong></span> <span class='ocrx_word' id='word_1_248' title='bbox 1102 2688 1227 2745; x_wconf 91' lang='lat' dir='ltr'><strong>Domum</strong></span> <span class='ocrx_word' id='word_1_249' title='bbox 1251 2704 1299 2745; x_wconf 92' lang='lat' dir='ltr'><strong>re·</strong></span> 
     </span>
     <span class='ocr_line' id='line_1_26' title="bbox 138 2780 1299 2860; baseline 0 -18"><span class='ocrx_word' id='word_1_250' title='bbox 138 2785 233 2844; x_wconf 91' lang='lat' dir='ltr'><strong>dimus</strong></span> <span class='ocrx_word' id='word_1_251' title='bbox 256 2787 432 2854; x_wconf 82' lang='lat' dir='ltr'><strong>clanculum,</strong></span> <span class='ocrx_word' id='word_1_252' title='bbox 457 2785 616 2844; x_wconf 87' lang='lat' dir='ltr'><strong>dormimus</strong></span> <span class='ocrx_word' id='word_1_253' title='bbox 639 2783 775 2843; x_wconf 77' lang='lat' dir='ltr'><strong>incenati.</strong></span> <span class='ocrx_word' id='word_1_254' title='bbox 822 2781 935 2846; x_wconf 83' lang='lat' dir='ltr'><strong>Pseud.</strong></span> <span class='ocrx_word' id='word_1_255' title='bbox 959 2780 1018 2860; x_wconf 90' lang='grc' dir='ltr'>ΙΙΙ,</span> <span class='ocrx_word' id='word_1_256' title='bbox 1043 2785 1072 2860; x_wconf 94' lang='grc'><strong>2,</strong></span> <span class='ocrx_word' id='word_1_257' title='bbox 1096 2784 1299 2844; x_wconf 82' lang='lat' dir='ltr'><strong>57:1te&#39;nee·</strong></span> 
     </span>
     <span class='ocr_line' id='line_1_27' title="bbox 138 2878 1324 2958; baseline 0.003 -20"><span class='ocrx_word' id='word_1_258' title='bbox 138 2886 228 2941; x_wconf 85' lang='lat' dir='ltr'><strong>netns</strong></span> <span class='ocrx_word' id='word_1_259' title='bbox 251 2883 391 2941; x_wconf 90' lang='lat' dir='ltr'><strong>cubitum.</strong></span> <span class='ocrx_word' id='word_1_260' title='bbox 425 2880 511 2943; x_wconf 82' lang='lat' dir='ltr'><strong>Asin.</strong></span> <span class='ocrx_word' id='word_1_261' title='bbox 529 2878 588 2957; x_wconf 92' lang='grc' dir='ltr'>ΙΙΙ,</span> <span class='ocrx_word' id='word_1_262' title='bbox 613 2885 641 2956; x_wconf 88' lang='grc'><strong>3,</strong></span> <span class='ocrx_word' id='word_1_263' title='bbox 664 2885 721 2942; x_wconf 85' lang='grc'><strong>44;</strong></span> <span class='ocrx_word' id='word_1_264' title='bbox 746 2882 823 2954; x_wconf 75' lang='lat' dir='ltr'><strong>Quas</strong></span> <span class='ocrx_word' id='word_1_265' title='bbox 848 2883 934 2940; x_wconf 92' lang='lat' dir='ltr'><strong>bodie</strong></span> <span class='ocrx_word' id='word_1_266' title='bbox 959 2882 1135 2941; x_wconf 88' lang='lat' dir='ltr'><strong>adulescens</strong></span> <span class='ocrx_word' id='word_1_267' title='bbox 1151 2882 1297 2942; x_wconf 87' lang='lat' dir='ltr'><strong>Diabolus</strong></span> <span class='ocrx_word' id='word_1_268' title='bbox 1316 2883 1324 2958; x_wconf 64' lang='grc' dir='ltr'>,Ι</span> 
     </span>
     <span class='ocr_line' id='line_1_28' title="bbox 139 2975 1298 3055; baseline 0.001 -18"><span class='ocrx_word' id='word_1_269' title='bbox 139 2980 199 3053; x_wconf 86' lang='lat' dir='ltr'><strong>ipsi</strong></span> <span class='ocrx_word' id='word_1_270' title='bbox 221 2979 348 3038; x_wconf 72' lang='lat' dir='ltr'><strong>demens</strong></span> <span class='ocrx_word' id='word_1_271' title='bbox 370 2980 453 3051; x_wconf 85' lang='lat' dir='ltr'><strong>dixit,</strong></span> <span class='ocrx_word' id='word_1_272' title='bbox 479 2995 561 3055; x_wconf 89' lang='lat' dir='ltr'><strong>quae</strong></span> <span class='ocrx_word' id='word_1_273' title='bbox 584 2981 634 3041; x_wconf 90' lang='lat' dir='ltr'><strong>est</strong></span> <span class='ocrx_word' id='word_1_274' title='bbox 656 2993 744 3041; x_wconf 88' lang='lat' dir='ltr'><strong>mern</strong></span> <span class='ocrx_word' id='word_1_275' title='bbox 766 2977 923 3040; x_wconf 85' lang='lat' dir='ltr'><strong>attractio.</strong></span> <span class='ocrx_word' id='word_1_276' title='bbox 969 2975 1084 3039; x_wconf 86' lang='lat' dir='ltr'><strong>Bacch.</strong></span> <span class='ocrx_word' id='word_1_277' title='bbox 1107 2975 1165 3053; x_wconf 87' lang='grc' dir='ltr'>ΙΙΙ,</span> <span class='ocrx_word' id='word_1_278' title='bbox 1190 2980 1220 3054; x_wconf 86' lang='grc'><strong>6,</strong></span> <span class='ocrx_word' id='word_1_279' title='bbox 1244 2980 1298 3038; x_wconf 84' lang='lat'><strong>24:</strong></span> 
     </span>
     <span class='ocr_line' id='line_1_29' title="bbox 139 3070 1297 3151; baseline 0 -16"><span class='ocrx_word' id='word_1_280' title='bbox 139 3077 323 3137; x_wconf 77' lang='lat' dir='ltr'><strong>Benevolens</strong></span> <span class='ocrx_word' id='word_1_281' title='bbox 345 3079 415 3138; x_wconf 91' lang='lat' dir='ltr'><strong>vivit</strong></span> <span class='ocrx_word' id='word_1_282' title='bbox 438 3077 501 3136; x_wconf 92' lang='lat' dir='ltr'><strong>tibi.</strong></span> <span class='ocrx_word' id='word_1_283' title='bbox 547 3093 575 3138; x_wconf 90' lang='lat' dir='ltr'><strong>v.</strong></span> <span class='ocrx_word' id='word_1_284' title='bbox 599 3079 655 3138; x_wconf 77' lang='lat' dir='ltr'><strong>to:</strong></span> <span class='ocrx_word' id='word_1_285' title='bbox 689 3078 836 3151; x_wconf 90' lang='lat' dir='ltr'><strong>Loqueris</strong></span> <span class='ocrx_word' id='word_1_286' title='bbox 867 3094 945 3134; x_wconf 90' lang='lat' dir='ltr'><strong>nuuc</strong></span> <span class='ocrx_word' id='word_1_287' title='bbox 975 3094 1068 3150; x_wconf 86' lang='lat' dir='ltr'><strong>nugas</strong></span> <span class='ocrx_word' id='word_1_288' title='bbox 1096 3075 1196 3135; x_wconf 74' lang='lat' dir='ltr'><strong>sanus.</strong></span> <span class='ocrx_word' id='word_1_289' title='bbox 1243 3070 1297 3150; x_wconf 91' lang='lat' dir='ltr'><strong>IV,</strong></span> 
     </span>
     <span class='ocr_line' id='line_1_30' title="bbox 139 3167 1297 3250; baseline -0.003 -14"><span class='ocrx_word' id='word_1_290' title='bbox 139 3175 167 3250; x_wconf 87' lang='grc'><strong>3,</strong></span> <span class='ocrx_word' id='word_1_291' title='bbox 187 3177 220 3236; x_wconf 82' lang='lat'><strong>3:</strong></span> <span class='ocrx_word' id='word_1_292' title='bbox 237 3176 425 3235; x_wconf 90' lang='lat' dir='ltr'><strong>Incredibilis</strong></span> <span class='ocrx_word' id='word_1_293' title='bbox 441 3177 585 3249; x_wconf 84' lang='lat' dir='ltr'><strong>imposque</strong></span> <span class='ocrx_word' id='word_1_294' title='bbox 599 3176 697 3246; x_wconf 85' lang='lat' dir='ltr'><strong>animi,</strong></span> <span class='ocrx_word' id='word_1_295' title='bbox 719 3175 904 3250; x_wconf 81' lang='lat' dir='ltr'><strong>inamabilis,</strong></span> <span class='ocrx_word' id='word_1_296' title='bbox 921 3173 1071 3247; x_wconf 88' lang='lat' dir='ltr'><strong>inlepidus</strong></span> <span class='ocrx_word' id='word_1_297' title='bbox 1085 3174 1158 3232; x_wconf 92' lang='lat' dir='ltr'><strong>vivo.</strong></span> <span class='ocrx_word' id='word_1_298' title='bbox 1183 3167 1297 3232; x_wconf 87' lang='lat' dir='ltr'><strong>Pseud.</strong></span> 
     </span>
     <span class='ocr_line' id='line_1_31' title="bbox 138 3266 1298 3348; baseline -0.001 -16"><span class='ocrx_word' id='word_1_299' title='bbox 138 3268 164 3348; x_wconf 95' lang='lat' dir='ltr'><strong>I,</strong></span> <span class='ocrx_word' id='word_1_300' title='bbox 189 3275 218 3348; x_wconf 90' lang='grc'><strong>3,</strong></span> <span class='ocrx_word' id='word_1_301' title='bbox 243 3275 299 3333; x_wconf 85' lang='grc'><strong>74;</strong></span> <span class='ocrx_word' id='word_1_302' title='bbox 333 3275 435 3332; x_wconf 90' lang='lat' dir='ltr'><strong>luanis</strong></span> <span class='ocrx_word' id='word_1_303' title='bbox 463 3275 553 3332; x_wconf 87' lang='lat' dir='ltr'><strong>cedis.</strong></span> <span class='ocrx_word' id='word_1_304' title='bbox 598 3268 713 3333; x_wconf 85' lang='lat' dir='ltr'><strong>Pseud.</strong></span> <span class='ocrx_word' id='word_1_305' title='bbox 744 3289 771 3334; x_wconf 94' lang='lat' dir='ltr'><strong>v.</strong></span> <span class='ocrx_word' id='word_1_306' title='bbox 797 3274 873 3333; x_wconf 81' lang='lat'>842:</span> <span class='ocrx_word' id='word_1_307' title='bbox 907 3272 1033 3330; x_wconf 88' lang='lat' dir='ltr'><strong>Peccavi</strong></span> <span class='ocrx_word' id='word_1_308' title='bbox 1058 3271 1197 3330; x_wconf 87' lang='lat' dir='ltr'><strong>insciens.</strong></span> <span class='ocrx_word' id='word_1_309' title='bbox 1243 3266 1298 3346; x_wconf 92' lang='lat' dir='ltr'><strong>IV,</strong></span> 
     </span>
     <span class='ocr_line' id='line_1_32' title="bbox 140 3364 1296 3445; baseline -0.003 -15"><span class='ocrx_word' id='word_1_310' title='bbox 140 3374 169 3445; x_wconf 85' lang='lat'><strong>7,</strong></span> <span class='ocrx_word' id='word_1_311' title='bbox 193 3371 248 3431; x_wconf 86' lang='lat'><strong>81:</strong></span> <span class='ocrx_word' id='word_1_312' title='bbox 272 3377 343 3430; x_wconf 89' lang='lat' dir='ltr'><strong>tune</strong></span> <span class='ocrx_word' id='word_1_313' title='bbox 366 3371 456 3430; x_wconf 90' lang='lat' dir='ltr'><strong>etiam</strong></span> <span class='ocrx_word' id='word_1_314' title='bbox 481 3371 614 3429; x_wconf 90' lang='lat' dir='ltr'><strong>cubitare</strong></span> <span class='ocrx_word' id='word_1_315' title='bbox 638 3368 752 3429; x_wconf 88' lang='lat' dir='ltr'><strong>solitn’s</strong></span> <span class='ocrx_word' id='word_1_316' title='bbox 775 3372 806 3429; x_wconf 88' lang='lat' dir='ltr'><strong>in</strong></span> <span class='ocrx_word' id='word_1_317' title='bbox 830 3371 915 3428; x_wconf 86' lang='lat' dir='ltr'><strong>cunis</strong></span> <span class='ocrx_word' id='word_1_318' title='bbox 932 3367 1031 3441; x_wconf 69' lang='lat' dir='ltr'><strong>pnes?</strong></span> <span class='ocrx_word' id='word_1_319' title='bbox 1068 3364 1122 3444; x_wconf 92' lang='lat' dir='ltr'><strong>IV,</strong></span> <span class='ocrx_word' id='word_1_320' title='bbox 1138 3369 1167 3443; x_wconf 87' lang='lat'><strong>8,</strong></span> <span class='ocrx_word' id='word_1_321' title='bbox 1183 3369 1218 3429; x_wconf 88' lang='lat'><strong>4:</strong></span> <span class='ocrx_word' id='word_1_322' title='bbox 1242 3383 1296 3441; x_wconf 84' lang='lat' dir='ltr'><strong>ego</strong></span> 
     </span>
     <span class='ocr_line' id='line_1_33' title="bbox 139 3463 1296 3542; baseline 0.001 -17"><span class='ocrx_word' id='word_1_323' title='bbox 139 3467 195 3526; x_wconf 84' lang='lat' dir='ltr'><strong>iam</strong></span> <span class='ocrx_word' id='word_1_324' title='bbox 216 3467 331 3527; x_wconf 81' lang='lat' dir='ltr'><strong>inultus</strong></span> <span class='ocrx_word' id='word_1_325' title='bbox 360 3485 494 3542; x_wconf 89' lang='lat' dir='ltr'><strong>promam</strong></span> <span class='ocrx_word' id='word_1_326' title='bbox 525 3468 630 3541; x_wconf 90' lang='lat' dir='ltr'><strong>viginti</strong></span> <span class='ocrx_word' id='word_1_327' title='bbox 651 3468 754 3526; x_wconf 89' lang='lat' dir='ltr'><strong>minas.</strong></span> <span class='ocrx_word' id='word_1_328' title='bbox 800 3464 882 3527; x_wconf 88' lang='lat' dir='ltr'><strong>Men.</strong></span> <span class='ocrx_word' id='word_1_329' title='bbox 906 3463 960 3542; x_wconf 92' lang='lat' dir='ltr'><strong>IV,</strong></span> <span class='ocrx_word' id='word_1_330' title='bbox 987 3468 1020 3542; x_wconf 89' lang='grc'><strong>2,</strong></span> <span class='ocrx_word' id='word_1_331' title='bbox 1043 3467 1097 3526; x_wconf 84' lang='grc'><strong>65;</strong></span> <span class='ocrx_word' id='word_1_332' title='bbox 1133 3466 1296 3526; x_wconf 77' lang='lat' dir='ltr'><strong>Portenta</strong></span> 
     </span>
     <span class='ocr_line' id='line_1_34' title="bbox 139 3560 1296 3641; baseline -0.003 -19"><span class='ocrx_word' id='word_1_333' title='bbox 139 3565 221 3624; x_wconf 88' lang='lat' dir='ltr'><strong>aedis</strong></span> <span class='ocrx_word' id='word_1_334' title='bbox 246 3583 311 3624; x_wconf 92' lang='lat' dir='ltr'><strong>enm</strong></span> <span class='ocrx_word' id='word_1_335' title='bbox 335 3583 446 3625; x_wconf 89' lang='lat' dir='ltr'><strong>corona</strong></span> <span class='ocrx_word' id='word_1_336' title='bbox 468 3582 514 3624; x_wconf 93' lang='lat' dir='ltr'><strong>me</strong></span> <span class='ocrx_word' id='word_1_337' title='bbox 538 3565 674 3624; x_wconf 90' lang='lat' dir='ltr'><strong>derideto</strong></span> <span class='ocrx_word' id='word_1_338' title='bbox 696 3564 803 3624; x_wconf 78' lang='lat' dir='ltr'><strong>ebrias.</strong></span> <span class='ocrx_word' id='word_1_339' title='bbox 848 3560 886 3639; x_wconf 89' lang='lat' dir='ltr'><strong>V,</strong></span> <span class='ocrx_word' id='word_1_340' title='bbox 911 3566 939 3641; x_wconf 89' lang='grc'><strong>3,</strong></span> <span class='ocrx_word' id='word_1_341' title='bbox 963 3565 998 3624; x_wconf 82' lang='lat'><strong>2:</strong></span> <span class='ocrx_word' id='word_1_342' title='bbox 1034 3564 1091 3636; x_wconf 78' lang='lat' dir='ltr'><strong>Qui</strong></span> <span class='ocrx_word' id='word_1_343' title='bbox 1120 3564 1147 3623; x_wconf 88' lang='lat' dir='ltr'><strong>vi</strong></span> <span class='ocrx_word' id='word_1_344' title='bbox 1177 3579 1223 3622; x_wconf 92' lang='lat' dir='ltr'><strong>me</strong></span> <span class='ocrx_word' id='word_1_345' title='bbox 1247 3580 1296 3621; x_wconf 91' lang='lat' dir='ltr'><strong>co.</strong></span> 
     </span>
     <span class='ocr_line' id='line_1_35' title="bbox 141 3660 1297 3737; baseline -0.003 -17"><span class='ocrx_word' id='word_1_346' title='bbox 141 3669 223 3735; x_wconf 89' lang='lat' dir='ltr'><strong>gunt,</strong></span> <span class='ocrx_word' id='word_1_347' title='bbox 246 3670 280 3722; x_wconf 92' lang='lat' dir='ltr'><strong>ut</strong></span> <span class='ocrx_word' id='word_1_348' title='bbox 294 3663 412 3722; x_wconf 81' lang='lat' dir='ltr'><strong>validas</strong></span> <span class='ocrx_word' id='word_1_349' title='bbox 427 3661 596 3722; x_wconf 83' lang='lat' dir='ltr'><strong>insaniam?</strong></span> <span class='ocrx_word' id='word_1_350' title='bbox 641 3663 670 3737; x_wconf 90' lang='grc'><strong>5,</strong></span> <span class='ocrx_word' id='word_1_351' title='bbox 697 3663 749 3722; x_wconf 89' lang='lat'><strong>10:</strong></span> <span class='ocrx_word' id='word_1_352' title='bbox 773 3661 880 3735; x_wconf 90' lang='lat' dir='ltr'><strong>edepol</strong></span> <span class='ocrx_word' id='word_1_353' title='bbox 896 3677 932 3720; x_wconf 89' lang='lat' dir='ltr'><strong>ne</strong></span> <span class='ocrx_word' id='word_1_354' title='bbox 949 3679 1003 3734; x_wconf 85' lang='lat' dir='ltr'><strong>ege</strong></span> <span class='ocrx_word' id='word_1_355' title='bbox 1020 3663 1104 3720; x_wconf 80' lang='lat' dir='ltr'><strong>nono</strong></span> <span class='ocrx_word' id='word_1_356' title='bbox 1119 3660 1184 3720; x_wconf 93' lang='lat' dir='ltr'><strong>vivo</strong></span> <span class='ocrx_word' id='word_1_357' title='bbox 1199 3660 1297 3719; x_wconf 83' lang='lat' dir='ltr'><strong>miser.</strong></span> 
     </span>
     <span class='ocr_line' id='line_1_36' title="bbox 138 3754 1298 3836; baseline -0.002 -18"><span class='ocrx_word' id='word_1_358' title='bbox 138 3754 175 3834; x_wconf 93' lang='lat' dir='ltr'><strong>V,</strong></span> <span class='ocrx_word' id='word_1_359' title='bbox 200 3762 230 3836; x_wconf 85' lang='grc'><strong>9,</strong></span> <span class='ocrx_word' id='word_1_360' title='bbox 257 3762 309 3822; x_wconf 89' lang='lat'><strong>14:</strong></span> <span class='ocrx_word' id='word_1_361' title='bbox 335 3762 361 3820; x_wconf 89' lang='lat' dir='ltr'><strong>si</strong></span> <span class='ocrx_word' id='word_1_362' title='bbox 383 3760 453 3834; x_wconf 92' lang='lat' dir='ltr'><strong>quid</strong></span> <span class='ocrx_word' id='word_1_363' title='bbox 476 3763 566 3819; x_wconf 91' lang='lat' dir='ltr'><strong>stulte</strong></span> <span class='ocrx_word' id='word_1_364' title='bbox 590 3760 651 3818; x_wconf 82' lang='lat' dir='ltr'><strong>dixi</strong></span> <span class='ocrx_word' id='word_1_365' title='bbox 673 3765 762 3832; x_wconf 91' lang='lat' dir='ltr'><strong>atque</strong></span> <span class='ocrx_word' id='word_1_366' title='bbox 785 3759 947 3831; x_wconf 79' lang='lat' dir='ltr'><strong>inpretdens</strong></span> <span class='ocrx_word' id='word_1_367' title='bbox 969 3759 1032 3818; x_wconf 90' lang='lat' dir='ltr'><strong>tibi.</strong></span> <span class='ocrx_word' id='word_1_368' title='bbox 1077 3755 1174 3818; x_wconf 84' lang='lat' dir='ltr'><strong>Poen.</strong></span> <span class='ocrx_word' id='word_1_369' title='bbox 1191 3754 1245 3832; x_wconf 92' lang='lat' dir='ltr'><strong>lV,</strong></span> <span class='ocrx_word' id='word_1_370' title='bbox 1270 3760 1298 3834; x_wconf 86' lang='lat'><strong>2,</strong></span> 
     </span>
     <span class='ocr_line' id='line_1_37' title="bbox 139 3855 1299 3932; baseline -0.004 -15"><span class='ocrx_word' id='word_1_371' title='bbox 139 3857 197 3917; x_wconf 85' lang='lat'><strong>84:</strong></span> <span class='ocrx_word' id='word_1_372' title='bbox 232 3859 353 3918; x_wconf 80' lang='lat' dir='ltr'><strong>&#39;lucitus</strong></span> <span class='ocrx_word' id='word_1_373' title='bbox 375 3865 452 3918; x_wconf 90' lang='lat' dir='ltr'><strong>tace.</strong></span> <span class='ocrx_word' id='word_1_374' title='bbox 498 3855 592 3919; x_wconf 86' lang='lat' dir='ltr'><strong>Most.</strong></span> <span class='ocrx_word' id='word_1_375' title='bbox 614 3855 655 3932; x_wconf 94' lang='grc' dir='ltr'><strong>ΙΙ,</strong></span> <span class='ocrx_word' id='word_1_376' title='bbox 682 3859 709 3930; x_wconf 93' lang='grc'><strong>2,</strong></span> <span class='ocrx_word' id='word_1_377' title='bbox 736 3858 789 3918; x_wconf 91' lang='lat'><strong>11:</strong></span> <span class='ocrx_word' id='word_1_378' title='bbox 828 3858 939 3931; x_wconf 80' lang='lat' dir='ltr'><strong>Credo,</strong></span> <span class='ocrx_word' id='word_1_379' title='bbox 973 3859 1154 3928; x_wconf 78' lang='lat' dir='ltr'><strong>eespenens</strong></span> <span class='ocrx_word' id='word_1_380' title='bbox 1184 3855 1299 3914; x_wconf 90' lang='lat' dir='ltr'><strong>veniam</strong></span> 
     </span>
     <span class='ocr_line' id='line_1_38' title="bbox 138 3951 1298 4030; baseline 0 -19"><span class='ocrx_word' id='word_1_381' title='bbox 138 3951 345 4015; x_wconf 79' lang='lat' dir='ltr'><strong>familiaribus.</strong></span> <span class='ocrx_word' id='word_1_382' title='bbox 390 3973 418 4016; x_wconf 92' lang='lat' dir='ltr'><strong>v.</strong></span> <span class='ocrx_word' id='word_1_383' title='bbox 445 3957 493 4016; x_wconf 83' lang='lat'><strong>12.</strong></span> <span class='ocrx_word' id='word_1_384' title='bbox 529 3951 567 4028; x_wconf 92' lang='lat' dir='ltr'><strong>V,</strong></span> <span class='ocrx_word' id='word_1_385' title='bbox 595 3959 620 4030; x_wconf 93' lang='grc' dir='ltr'><strong>Ι,</strong></span> <span class='ocrx_word' id='word_1_386' title='bbox 645 3956 701 4014; x_wconf 87' lang='lat'><strong>54:</strong></span> <span class='ocrx_word' id='word_1_387' title='bbox 726 3955 816 4014; x_wconf 90' lang='lat' dir='ltr'><strong>nimio</strong></span> <span class='ocrx_word' id='word_1_388' title='bbox 838 3957 907 4029; x_wconf 90' lang='lat' dir='ltr'><strong>plus</strong></span> <span class='ocrx_word' id='word_1_389' title='bbox 931 3956 1016 4027; x_wconf 77' lang='lat' dir='ltr'><strong>sapio</strong></span> <span class='ocrx_word' id='word_1_390' title='bbox 1037 3952 1147 4013; x_wconf 84' lang='lat' dir='ltr'><strong>sedens.</strong></span> <span class='ocrx_word' id='word_1_391' title='bbox 1192 3967 1219 4012; x_wconf 87' lang='lat' dir='ltr'><strong>v.</strong></span> <span class='ocrx_word' id='word_1_392' title='bbox 1244 3953 1298 4012; x_wconf 87' lang='lat'><strong>64:</strong></span> 
     </span>
     <span class='ocr_line' id='line_1_39' title="bbox 137 4049 1298 4127; baseline -0.003 -18"><span class='ocrx_word' id='word_1_393' title='bbox 137 4051 304 4125; x_wconf 86' lang='lat' dir='ltr'><strong>Numquam</strong></span> <span class='ocrx_word' id='word_1_394' title='bbox 333 4053 439 4126; x_wconf 90' lang='lat' dir='ltr'><strong>edepol</strong></span> <span class='ocrx_word' id='word_1_395' title='bbox 468 4051 514 4127; x_wconf 91' lang='lat' dir='ltr'><strong>[tu</strong></span> <span class='ocrx_word' id='word_1_396' title='bbox 541 4053 616 4111; x_wconf 89' lang='lat' dir='ltr'><strong>hece</strong></span> <span class='ocrx_word' id='word_1_397' title='bbox 645 4049 792 4124; x_wconf 89' lang='lat' dir='ltr'><strong>facinora]</strong></span> <span class='ocrx_word' id='word_1_398' title='bbox 824 4052 911 4112; x_wconf 93' lang='lat' dir='ltr'><strong>hodie</strong></span> <span class='ocrx_word' id='word_1_399' title='bbox 941 4053 1055 4110; x_wconf 76' lang='lat' dir='ltr'><strong>innltns</strong></span> <span class='ocrx_word' id='word_1_400' title='bbox 1086 4049 1298 4122; x_wconf 80' lang='lat' dir='ltr'><strong>designaveris.</strong></span> 
     </span>
     <span class='ocr_line' id='line_1_40' title="bbox 137 4143 1298 4225; baseline -0.004 -17"><span class='ocrx_word' id='word_1_401' title='bbox 137 4163 165 4209; x_wconf 89' lang='lat' dir='ltr'><strong>v.</strong></span> <span class='ocrx_word' id='word_1_402' title='bbox 189 4149 244 4209; x_wconf 82' lang='lat'><strong>66:</strong></span> <span class='ocrx_word' id='word_1_403' title='bbox 281 4149 377 4209; x_wconf 77' lang='lat' dir='ltr'><strong>edens</strong></span> <span class='ocrx_word' id='word_1_404' title='bbox 404 4166 470 4210; x_wconf 89' lang='lat' dir='ltr'><strong>esse</strong></span> <span class='ocrx_word' id='word_1_405' title='bbox 500 4167 586 4225; x_wconf 90' lang='lat' dir='ltr'><strong>quam</strong></span> <span class='ocrx_word' id='word_1_406' title='bbox 613 4165 698 4208; x_wconf 81' lang='lat' dir='ltr'><strong>esses</strong></span> <span class='ocrx_word' id='word_1_407' title='bbox 730 4150 812 4209; x_wconf 91' lang='lat' dir='ltr'><strong>soleo</strong></span> <span class='ocrx_word' id='word_1_408' title='bbox 839 4150 966 4208; x_wconf 86' lang='lat' dir='ltr'><strong>suavior.</strong></span> <span class='ocrx_word' id='word_1_409' title='bbox 1011 4143 1099 4208; x_wconf 88' lang='lat' dir='ltr'><strong>Pers.</strong></span> <span class='ocrx_word' id='word_1_410' title='bbox 1123 4161 1151 4207; x_wconf 89' lang='lat' dir='ltr'><strong>v.</strong></span> <span class='ocrx_word' id='word_1_411' title='bbox 1177 4148 1191 4206; x_wconf 96' lang='lat'>1</span> <span class='ocrx_word' id='word_1_412' title='bbox 1216 4147 1298 4219; x_wconf 91' lang='lat' dir='ltr'><strong>prin·</strong></span> 
     </span>
     <span class='ocr_line' id='line_1_41' title="bbox 138 4242 1299 4324; baseline -0.004 -18"><span class='ocrx_word' id='word_1_413' title='bbox 138 4263 218 4320; x_wconf 88' lang='lat' dir='ltr'><strong>ceps.</strong></span> <span class='ocrx_word' id='word_1_414' title='bbox 266 4242 291 4322; x_wconf 88' lang='lat' dir='ltr'><strong>I,</strong></span> <span class='ocrx_word' id='word_1_415' title='bbox 318 4249 344 4322; x_wconf 92' lang='lat'><strong>1,</strong></span> <span class='ocrx_word' id='word_1_416' title='bbox 367 4248 422 4309; x_wconf 76' lang='lat' dir='ltr'><strong>to:</strong></span> <span class='ocrx_word' id='word_1_417' title='bbox 451 4250 477 4308; x_wconf 88' lang='lat' dir='ltr'><strong>si</strong></span> <span class='ocrx_word' id='word_1_418' title='bbox 500 4255 616 4324; x_wconf 88' lang='lat' dir='ltr'><strong>egomet</strong></span> <span class='ocrx_word' id='word_1_419' title='bbox 636 4251 711 4306; x_wconf 73' lang='lat' dir='ltr'><strong>tetras</strong></span> <span class='ocrx_word' id='word_1_420' title='bbox 733 4263 865 4306; x_wconf 88' lang='lat' dir='ltr'><strong>veneam.</strong></span> <span class='ocrx_word' id='word_1_421' title='bbox 909 4242 997 4306; x_wconf 89' lang='lat' dir='ltr'><strong>Pers.</strong></span> <span class='ocrx_word' id='word_1_422' title='bbox 1021 4259 1050 4304; x_wconf 89' lang='lat' dir='ltr'><strong>v.</strong></span> <span class='ocrx_word' id='word_1_423' title='bbox 1074 4245 1149 4304; x_wconf 80' lang='lat'>254:</span> <span class='ocrx_word' id='word_1_424' title='bbox 1178 4242 1299 4301; x_wconf 78' lang='lat' dir='ltr'><strong>Ludens</strong></span> 
     </span>
    </p>
   </div>
   <div class='ocr_carea' id='block_1_3' title="bbox 0 0 1524 4758">
    <p class='ocr_par' dir='ltr' id='par_1_4' title="bbox 0 0 1524 4758">
     <span class='ocr_line' id='line_1_42' title="bbox 0 0 1524 4758; baseline 0 0"><span class='ocrx_word' id='word_1_425' title='bbox 0 0 1524 4758; x_wconf 95' lang='lat' dir='ltr'><strong> </strong></span> 
     </span>
    </p>
   </div>
  </div>
 </body>
</html>
