3064 4754
507 259 594 300 ΟΔΒΙΙΒ
610 259 874 301 ΒΙΙΙΒΤΔΙΙΤΝΟΒΙΙΙΙ.
887 279 914 290 -
927 259 1062 300 ΔΟΟΙΙΒΔΤ.
1285 267 1349 326 220

196 437 292 512 patrie
313 453 418 510 pacem
441 437 473 495 iu
494 440 578 512 lama
600 434 737 496 conficiet
759 451 838 498 suas
867 431 1000 512 Adelph.
1023 431 1065 508 Π,
1087 438 1118 512 4,
1144 433 1198 494 14:
1219 431 1265 494 Ne
1289 438 1351 493 tam

197 533 323 607 quidem.
368 529 415 595 Ib.
460 530 519 609 ΠΙ,
542 535 573 610 4,
598 534 637 594 ct
661 546 744 610 sqq.:
774 533 870 608 Quom
892 550 944 594 vos
965 531 1116 604 facillume
1139 530 1237 606 agitis,
1260 547 1350 604 mam

196 630 269 690 estis
290 645 428 690 macoma
442 631 594 704 Potentes,
614 630 701 701 dites,
724 627 878 707 fortunati,
899 631 1025 706 nobiles,
1051 629 1127 690 Tum
1146 643 1284 688 muctam
1297 644 1350 690 voa

196 725 290 800 aequo
318 727 415 788 animo
446 744 541 800 aequa
571 743 696 789 noscere
724 727 860 801 Oportet.
905 724 1033 790 Phorm
1077 722 1103 803 Ι,
1127 727 1157 802 2,
1183 727 1235 787 15:
1274 726 1350 784 Tam

193 840 283 897 qaam
305 829 344 884 ta.

280 923 377 998 Quam
393 917 597 999 coniungitur
615 925 651 997 1.,
668 935 738 984 cum
754 917 901 998 positivis
916 917 1156 996 adiectivorum,
1178 920 1215 982 ut
1229 915 1349 997 gradus

195 1016 402 1096 exprimatur,
426 1032 488 1095 qno
504 1015 655 1096 qualitas,
678 1032 761 1095 quae
775 1014 930 1080 adiectivo
947 1015 1141 1096 designatur,
1165 1012 1351 1093 accipienda

196 1114 248 1178 sit.
285 1113 379 1178 Ennii
402 1118 499 1178 satur.
522 1113 591 1178 libr.
615 1112 675 1178 inc.
698 1111 738 1178 fr.
762 1115 795 1177 9:
826 1115 918 1176 Simia
939 1131 1028 1188 qaam
1050 1114 1156 1175 similis
1178 1114 1352 1186 turpissima

194 1214 293 1274 bestia
316 1213 414 1272 nobis!
437 1210 532 1274 Ennii
555 1209 656 1274 annal.
681 1209 700 1274 l.
723 1209 765 1288 Π,
788 1207 826 1274 fr.
845 1214 894 1286 16,
918 1229 946 1276 v.
965 1214 1039 1274 142:
1063 1228 1154 1285 poam
1175 1211 1287 1270 crudeli
1307 1239 1351 1254 -

195 1312 342 1384 sepulcro.
387 1306 490 1371 Plaui.
515 1306 599 1370 Trin.
630 1326 660 1372 v.
684 1311 969 1386 321:1sproonst,
993 1326 1081 1384 quom
1103 1309 1240 1384 paenitet
1260 1323 1350 1379 qoam

191 1407 307 1480 probam
330 1408 369 1465 sit
391 1411 423 1466 et
445 1405 522 1480 frugi
544 1408 654 1483 bonae,
677 1403 718 1468 ad
741 1421 770 1483 q.
793 1403 814 1467 l.
842 1403 997 1468 Lindem.:
1028 1403 1191 1480 „Dicimus
1220 1405 1349 1476 alicuem

193 1504 354 1579 poenitere,
378 1518 468 1574 qoam
490 1505 538 1573 sit,
567 1502 705 1579 quinon
729 1505 898 1566 contentus
921 1506 972 1566 cst
994 1517 1042 1579 eo,
1065 1498 1150 1580 quod
1173 1503 1230 1564 est.
1253 1498 1349 1564 Most.

196 1618 224 1661 v.
248 1602 328 1662 460:
374 1616 463 1672 qaum
492 1601 648 1673 iadipaom
675 1599 789 1661 iaciuus
817 1597 926 1662 iecisti.
975 1597 1070 1662 Most.
1108 1615 1136 1661 v,
1161 1600 1235 1662 mc:
1281 1599 1351 1658 Vita

198 1713 288 1770 quoia
312 1699 352 1756 sit
374 1698 472 1758 brevis
496 1699 603 1771 cogita.
627 1696 665 1773 V,
684 1700 711 1771 1,
723 1699 780 1776 52:
805 1713 895 1770 cacam
916 1699 1092 1782 meticulosa
1113 1715 1163 1756 res
1179 1697 1227 1758 sit.
1251 1692 1349 1757 Mero.

195 1811 222 1855 v.
246 1797 323 1856 455:
350 1795 417 1855 Soio
441 1811 545 1856 saevos
570 1811 660 1868 paam
683 1796 730 1855 sit.
772 1792 899 1856 Terent.
923 1791 1040 1857 Heaut.
1069 1791 1112 1869 II,
1136 1796 1165 1870 3,
1191 1794 1266 1854 129:
1295 1794 1351 1852 Pa·

195 1898 271 1951 trem
294 1893 405 1952 novisti
426 1893 464 1953 ad
486 1894 540 1952 has
563 1909 612 1952 res
635 1908 726 1964 qaum
748 1893 788 1952 sit
804 1893 973 1966 perspicua.
996 1889 1094 1955 Andr.
1118 1888 1145 1968 Ι,
1162 1892 1191 1966 ὃ,
1209 1891 1263 1952 52;
1287 1891 1351 1950 Nec

195 1992 271 2050 clam
295 1998 325 2048 te
349 1997 404 2062 est,
427 2005 517 2062 quom
538 1989 585 2050 illi
606 1996 750 2064 utraeque
774 2005 823 2052 res
847 2008 924 2050 nuuc
945 1990 1033 2051 utiles
1054 1993 1096 2050 lit
1117 1990 1155 2050 ad
1177 1987 1352 2062 pudicitiam

195 2093 226 2146 et
248 2087 286 2146 ad
302 2104 365 2146 rem
388 2087 542 2147 tutandam
565 2087 652 2162 sient,
675 2083 716 2147 ad
738 2102 766 2163 q.
790 2083 809 2147 l.
833 2083 928 2150 affert
942 2084 1151 2150 Ruhnkeuius
1173 2082 1228 2162 IV,
1246 2089 1274 2161 t,
1293 2085 1348 2147 16:

194 2185 279 2244 Nunc
301 2200 348 2244 me
371 2184 519 2258 hospitem
534 2184 612 2244 Litis
628 2184 722 2260 sequi,
741 2199 830 2260 qaam
845 2185 876 2244 id
899 2185 971 2244 mihi
993 2187 1033 2245 sit
1055 2184 1144 2256 focile
1167 2189 1255 2258 atque
1270 2182 1352 2250 acte,

194 2283 327 2341 Aliorum
351 2283 488 2355 exempla
506 2288 693 2343 conmorant.
718 2311 757 2324 -
784 2284 824 2358 2.,
849 2297 920 2343 cum
945 2279 1090 2359 positivis
1117 2277 1349 2344 adverbiorum.

196 2374 290 2438 Ennii
312 2376 414 2440 annal.
449 2375 469 2439 l.
493 2374 517 2455 Ι,
554 2374 592 2439 fr.
617 2381 667 2453 57,
705 2395 733 2439 v.
758 2379 813 2440 89:
865 2395 956 2450 qaam
984 2395 1052 2437 moc
1074 2380 1200 2438 emittat.
1244 2374 1349 2438 Pluut.

195 2470 310 2536 Boooh.
334 2491 362 2535 v.
381 2477 477 2537 1204:
500 2475 597 2551 Quom
614 2475 731 2548 quidem
747 2479 878 2535 cotulam
901 2475 1111 2549 emoriamur?‚
1131 2472 1216 2551 quod
1231 2471 1351 2552 pendet

199 2584 238 2632 ex
259 2585 450 2648 praegresso
474 2574 642 2644 ecpectoat,
667 2568 729 2633 vid.
752 2569 988 2634 adnotationem
1013 2569 1153 2634 Acidalii.
1179 2568 1264 2633 Trin.
1289 2568 1349 2648 Ill,

201 2671 227 2742 1,
245 2671 278 2728 7:
301 2667 398 2743 Quom
419 2668 531 2728 modam
552 2671 630 2728 istuc
653 2675 705 2729 aut
727 2670 778 2728 ubi
800 2674 938 2744 actumst,
960 2666 1042 2746 adq.
1065 2666 1085 2730 Ι.
1107 2667 1247 2731 Lindem.
1271 2667 1351 2732 citat

199 2760 322 2841 Captiv.
346 2762 383 2840 V,
406 2767 435 2840 3,
459 2769 497 2826 3:
520 2766 616 2841 Quom
636 2765 690 2826 dia
710 2765 742 2824 id
764 2764 926 2826 factumst?
954 2762 1048 2828 Most.
1071 2763 1097 2842 Ι,
1123 2769 1148 2840 l,
1173 2767 1352 2842 sizonem

196 2861 379 2929 confidenter
405 2865 546 2936 loquitur.
592 2859 655 2938 Ill,
684 2865 718 2938 2,
749 2865 804 2926 33:
841 2879 931 2936 quma
957 2862 1045 2923 moxi
1087 2849 1182 2924 Most.
1219 2878 1247 2924 v.
1271 2864 1348 2926 829:

197 2960 418 3032 Spectaculum
445 2966 510 3018 arte
540 2959 699 3020 dormiunt.
745 2957 843 3022 Mero.
881 2957 907 3037 1,
934 2964 961 3034 1,
987 2961 1061 3022 102:
1095 2961 1218 3022 Vosmet
1240 2959 1351 3036 videte,

195 3073 284 3129 qaum
306 3057 378 3116 mihi
399 3057 486 3116 vaide
507 3058 664 3130 placuerit.
703 3054 795 3120 Truc.
819 3054 861 3134 ΙΙ,
886 3059 913 3134 3,
938 3060 973 3120 3:
1010 3058 1042 3116 Si
1063 3057 1189 3132 proinde
1212 3062 1352 3116 amentur

194 3154 344 3230 mulieres,
367 3155 420 3214 diu
443 3171 533 3229 qaam
554 3157 664 3215 lavant.
709 3151 805 3223 Most,
841 3151 900 3227 ΙΠ,
925 3156 953 3231 2,
978 3156 1036 3217 2οτ
1071 3171 1161 3227 qaam
1188 3171 1235 3213 me
1258 3154 1350 3214 habet

193 3253 279 3312 male.
333 3247 450 3314 Caecil.
494 3248 572 3313 Stat.
610 3247 753 3313 Fallacia
788 3247 826 3312 ir.
863 3255 893 3326 l,
932 3267 959 3312 v.
992 3255 1050 3315 42:
1094 3269 1184 3325 qaam
1221 3251 1346 3312 duriter.

194 3343 292 3420 Quasi
334 3363 393 3425 per
423 3344 686 3410 exclamationem
723 3351 773 3410 est
810 3346 1037 3426 explicandum.
1084 3347 1210 3412 Terent
1248 3345 1348 3410 Andr.

192 3441 218 3519 I,
245 3448 271 3520 l,
299 3447 375 3508 109:
413 3445 529 3506 Reiecit
557 3462 589 3504 so
612 3447 642 3504 in
670 3463 735 3505 eum
764 3444 838 3506 flens
861 3463 950 3519 quava
972 3447 1174 3518 familiariter.
1219 3443 1348 3508 Phorm.

193 3538 218 3616 Ι,
245 3545 272 3616 3,
301 3544 334 3603 9:
371 3544 449 3602 Dum
478 3549 603 3615 expecto
631 3559 720 3615 qaum
747 3559 815 3602 moa
841 3545 950 3606 veniat.
976 3575 1015 3588 -
1039 3547 1086 3620 3.,
1118 3540 1197 3605 Cum
1221 3557 1350 3620 compa·

193 3637 313 3701 nativis.
357 3635 462 3701 Plaut.
499 3637 614 3704 Bacch.
650 3636 706 3715 IV,
737 3641 785 3715 10,
818 3641 851 3700 1:
895 3642 992 3717 Quom
1022 3642 1118 3715 mauis
1154 3642 1185 3700 in
1221 3644 1346 3715 pectore

192 3751 258 3796 meo
295 3735 403 3812 foveo,
446 3736 591 3815 sequitur
630 3735 663 3799 in
703 3735 849 3815 apodosi:
898 3741 994 3814 Magis
1032 3745 1154 3800 curaest
1194 3739 1348 3813 magisque

192 3831 368 3892 adformido.
418 3832 505 3895 Asin.
528 3832 553 3910 I,
578 3838 607 3910 3,
631 3835 649 3894 6
676 3831 762 3904 (vide
785 3849 883 3912 supra
903 3833 936 3897 in
959 3837 1057 3910 Tam).
1081 3832 1118 3898 oi.
1142 3833 1283 3898 Lindem.
1306 3832 1348 3896 ad

193 3924 278 3990 Trin.
303 3925 357 4006 IV,
381 3932 410 4006 2,
438 3934 486 3994 19.
529 3929 612 3994 Men.
642 3927 668 4008 Ι,
696 3935 722 4006 l,
750 3934 802 3993 19:
838 3933 934 4008 Quam
954 3935 1050 4006 mapa
1072 3934 1232 4005 extendas,
1261 3938 1347 3992 tanto

192 4026 382 4102 adstringant
397 4029 500 4089 artius.
514 4059 556 4070 -
568 4032 608 4104 4.,
631 4023 710 4090 Cum
733 4026 945 4106 superlativis.
969 4027 1048 4092 Cato
1067 4027 1104 4091 R.
1121 4027 1157 4091 R.
1171 4045 1195 4092 c.
1214 4033 1247 4090 l:
1270 4030 1347 4088 item

194 4123 255 4181 alia
274 4138 386 4198 genera
407 4141 497 4196 quom
514 4127 650 4198 plurimo
672 4126 775 4186 serito
803 4121 837 4186 O.
864 4127 896 4188 l:
921 4127 1028 4188 Videte
1050 4141 1140 4199 qaam
1161 4126 1277 4186 mimimo?
1299 4125 1345 4184 in·

194 4220 352 4294 strumenti
374 4249 417 4262 -—
440 4224 505 4283 siet.
545 4219 579 4284 C.
601 4223 622 4282 8
644 4224 741 4283 crist:
764 4223 812 4281 uti
831 4239 920 4293 qaam
943 4224 1204 4292 soleriicscmmam
1226 4225 1346 4284 habeat.
