3004 4764
331 288 349 327 ι,
364 286 535 328 ιιιοιιοιιιιιι
550 283 743 334 remanum,
756 283 937 337 ιοιιιιιιιι,
953 285 1128 327 aprunum.
1261 289 1322 348 303

157 474 216 535 qne
239 475 276 522 eo
300 462 429 536 Lapides
451 464 564 537 imponi
586 459 705 534 multoe,
728 469 762 520 at
783 477 844 522 roae
865 477 965 524 noret.
1009 477 1039 524 v.
1064 463 1122 524 liba
1144 458 1232 519 Palm
1253 471 1324 518 ron·

158 555 274 619 duudu
297 559 355 618 sibi
377 560 422 619 ait
444 565 476 618 at
496 575 614 633 mergas
637 559 733 620 datas.
761 555 798 633 V,
822 559 851 634 3,
879 561 932 621 15:
960 562 1082 620 Oratam
1106 561 1207 618 lerunt
1228 555 1324 626 dean,

158 660 193 714 ιι
213 656 271 714 eibi
293 661 375 716 esset
399 657 540 730 propitia.
577 651 667 718 Pers.
690 653 716 731 I,
740 658 770 732 3,
794 657 848 717 70:
878 657 935 729 Qui
956 658 1016 717 eibi
1036 661 1180 732 parentes
1201 651 1324 712 inerint.

158 747 201 827 ΙΙ,
225 754 255 828 3,
279 756 312 814 7:
357 755 433 814 Nam
462 769 531 813 orus
559 755 711 814 Eretriam
742 769 789 812 me
819 756 909 829 misit,
936 755 1063 816 domitos
1091 754 1183 813 bores
1212 753 1247 808 ut
1268 748 1326 809 sibi

157 863 320 909 mercarer.
357 867 387 914 v.
415 851 466 912 18:
500 851 546 910 Ne
575 851 633 912 sibi
654 868 701 911 me
725 851 830 910 eredat
858 855 1023 927 supplicem
1045 850 1120 912 iore.
1165 844 1257 910 Trut.
1281 841 1323 910 11,

161 946 188 1020 1,
211 946 269 1006 ae:
311 949 354 1006 At
375 963 430 1008 nos
452 949 530 1010 male
553 963 642 1024 agere
666 949 843 1022 proedioanl
864 952 921 1010 riri
944 953 1043 1011 solere
1070 961 1178 1008 aarum.
1223 941 1266 1018 Π,
1293 944 1323 1020 t,

157 1045 213 1104 44:
258 1043 331 1104 Sese
354 1051 562 1121 experturum,
590 1046 693 1122 quanti
719 1061 782 1106 aest
803 1047 976 1121 penderem.
1019 1040 1133 1122 Amplt
1159 1039 1188 1120 1,
1214 1044 1242 1119 1,
1263 1041 1324 1102 40:

157 1140 208 1200 Me
230 1157 250 1199 a
270 1147 360 1215 portu
381 1144 539 1217 praemisit
561 1145 687 1217 domum,
710 1143 786 1203 haee
809 1150 843 1203 ul
864 1145 998 1204 nuntiem
1020 1143 1107 1204 uxori
1127 1157 1209 1202 ιιιαι.
1245 1138 1271 1217 Ι,
1296 1145 1325 1220 l,

160 1240 234 1300 101:
278 1239 395 1300 Velatis
416 1239 552 1300 monibus
575 1242 673 1317 oraui,
697 1241 884 1314 ignoscamus
906 1246 1064 1317 peecatum
1086 1256 1182 1301 ιιιιιιι.
1227 1235 1326 1317 11‚r,

160 1337 216 1397 bl:
253 1335 359 1396 Donec
382 1335 469 1398 Sosio
491 1342 609 1413 egomet
630 1339 682 1398 ille
706 1338 779 1398 ieeit
799 1339 858 1399 eibi
879 1345 913 1398 ut
935 1338 1098 1398 crederem.
1143 1334 1186 1413 II,
1209 1339 1239 1414 2,
1263 1338 1325 1399 30:

156 1436 256 1509 Atque
278 1434 310 1494 id
334 1449 366 1494 se
389 1435 452 1494 volt
474 1436 619 1508 experiri,
647 1451 736 1494 seam
758 1437 869 1497 abitum
899 1442 933 1496 ιιι
955 1434 1144 1496 desiderem?
1189 1432 1275 1496 Aein-
1298 1431 1326 1506 Ι,

162 1534 190 1606 1,
213 1533 270 1593 60:
316 1531 392 1592 Nom
414 1548 462 1591 me
485 1533 573 1592 bodie
596 1533 693 1592 oravit
716 1535 903 1608 Argnrippus
925 1532 1021 1607 filins,
1048 1533 1102 1593 Uti
1126 1532 1184 1591 sibi
1212 1533 1325 1592 amnti

156 1625 288 1688 iacerem
306 1633 424 1705 argenti
447 1632 573 1704 copiam.
611 1626 636 1705 I,
660 1632 689 1706 3,
714 1633 770 1693 33:
795 1631 1009 1692 subblanditur
1030 1647 1122 1692 novos
1146 1635 1271 1705 ametor,
1293 1645 1325 1690 aa

158 1730 192 1785 ut
213 1743 300 1800 quom
323 1727 424 1786 videat
447 1729 584 1802 gaudeat.
608 1725 650 1800 II,
673 1730 703 1804 4,
729 1728 784 1789 56:
807 1725 935 1788 formido
958 1729 1050 1788 miser
1071 1745 1109 1788 no
1133 1729 1183 1788 bio
1205 1743 1253 1786 me
1268 1727 1324 1786 tibi

157 1823 321 1883 arbitretur
344 1824 480 1884 Suasisse
501 1826 559 1884 eibi
580 1843 618 1885 ne
641 1826 790 1885 crederes.
835 1822 923 1886 Asin.
947 1821 1003 1902 IV,
1030 1829 1056 1901 l,
1080 1827 1113 1888 8:
1146 1826 1248 1886 Lenae
1272 1824 1322 1884 de·

157 1920 202 1978 dit
223 1923 341 1994 argenti
364 1923 468 1994 viginti
490 1923 595 1995 minas,
618 1923 785 1982 Philonium
808 1928 841 1981 ιιι
861 1939 959 1982 seeum
980 1929 1062 1983 esset
1083 1924 1180 1984 noetis
1202 1928 1235 1981 et
1248 1922 1323 1994 dios,

155 2011 216 2092 ΙΙΙ,
240 2020 269 2093 3,
295 2020 370 2080 146:
393 2019 521 2079 Noctem
544 2021 630 2080 huius
654 2026 686 2079 et
706 2036 812 2080 oenum
835 2020 948 2080 nisibi
970 2021 1067 2081 dares.
1095 2036 1125 2082 v.
1150 2021 1226 2081 lbi:
1249 2019 1323 2078 Illae

152 2129 210 2189 per
232 2115 350 2174 hortum
374 2118 496 2176 transiit
524 2119 614 2191 elam,
644 2119 749 2193 nequis
776 2133 807 2176 se
828 2119 946 2177 videret
967 2118 1033 2178 Hae
1055 2119 1101 2177 ire
1123 2114 1324 2176 familiarium.

154 2207 214 2288 IV,
237 2214 266 2289 2,
294 2216 348 2274 14:
393 2231 430 2272 ne
452 2214 507 2273 illa
529 2215 690 2274 existumet
713 2216 830 2275 Amoris
858 2231 965 2276 oanssa
986 2215 1133 2290 percitum
1157 2213 1188 2274 id
1211 2212 1322 2274 ieoisse

151 2315 186 2368 te
209 2310 306 2383 Magis
329 2329 415 2385 quam
438 2327 497 2371 soa
519 2328 634 2372 caussa.
658 2308 750 2390 Epid.
774 2308 818 2387 ΙΙ,
842 2314 872 2387 2,
896 2313 1036 2374 66-68ι
1066 2311 1143 2384 Quin
1166 2310 1254 2370 hodie
1274 2311 1324 2369 al·

153 2407 237 2464 latae
263 2409 395 2468 tabellae
424 2414 493 2467 sunt
520 2407 584 2481 (sie
606 2407 752 2486 Kampm.
781 2405 821 2470 de
848 2411 899 2468 AB
926 2423 956 2486 p.
982 2411 1036 2485 13,
1063 2405 1149 2486 vulg.
1176 2413 1246 2468 sunt
1277 2414 1321 2466 ta·

153 2499 274 2578 bellae)
305 2503 343 2563 ad
370 2521 435 2565 eom
463 2505 721 2582 aserntippocle,
759 2507 836 2566 Eum
866 2513 1022 2581 argeutum
1052 2505 1213 2579 sumpsisse
1242 2505 1322 2578 apud

153 2599 273 2660 Thebas
297 2601 334 2660 ab
358 2602 476 2661 danista
499 2601 636 2662 loenore:
672 2605 708 2662 ld
729 2612 881 2678 paratum,
912 2610 944 2664 et
964 2621 1026 2663 seso
1052 2605 1090 2664 ob
1117 2618 1183 2662 eam
1204 2617 1268 2660 rom
1289 2601 1321 2660 id

154 2697 249 2774 ferre,
275 2694 331 2759 ubi
353 2695 489 2776 primum
512 2699 652 2778 positum
676 2703 726 2765 est
748 2718 823 2777 eam,
846 2716 943 2778 quum
966 2697 1045 2762 haee
1068 2715 1106 2762 ex
1129 2700 1235 2761 mente
1251 2712 1320 2760 mu·

152 2791 253 2871 lieris,
278 2809 359 2872 quae
377 2793 580 2860 hoeenarrat
601 2795 704 2873 alteri,
728 2797 901 2877 dictasint,
925 2797 1039 2862 deinde
1049 2813 1120 2870 sese,
1144 2811 1242 2874 quum
1257 2794 1320 2858 iam

153 2889 388 2970 Stratippocles
410 2891 479 2972 ipse
501 2893 680 2958 subiectum
703 2894 900 2960 obversetur.
923 2892 1038 2959 Baeeb.
1062 2893 1116 2972 IV,
1136 2897 1215 2969 l,4·.
1233 2895 1319 2954 Nune

151 3006 201 3050 me
225 2991 270 3050 ire
292 2993 380 3051 iussit
402 2994 439 3052 ad
462 3009 528 3053 eam
551 3001 582 3053 ιι
604 2995 827 3070 percontarier,
857 2995 963 3054 Utrum
986 3011 1090 3054 aurum
1112 2989 1221 3052 reddat
1242 3007 1319 3050 aune

151 3093 205 3149 eat
233 3103 330 3148 seeum
355 3092 458 3151 semul.
503 3087 592 3154 Pers,
615 3087 669 3168 IV,
694 3097 724 3165 4,
747 3095 804 3154 91:
848 3109 907 3151 nou
930 3093 1012 3152 vides
1039 3093 1119 3151 nolle
1142 3090 1250 3164 eloqui,
1273 3089 1319 3148 Ne

150 3201 278 3246 amoram
299 3205 330 3247 se
351 3189 539 3248 miseriarum
561 3189 593 3246 in
615 3191 787 3248 memoriam
810 3188 954 3248 induoat?
992 3186 1118 3250 Terent.
1142 3183 1238 3249 Andr.
1262 3181 1319 3263 lv,

151 3285 181 3359 2,
206 3285 241 3344 4:
266 3284 361 3344 Orare
383 3286 481 3363 iussit,
505 3288 531 3345 si
552 3302 582 3345 ee
601 3299 692 3357 ames,
716 3303 776 3358 era,
800 3288 859 3346 iam
880 3293 915 3346 ιιι
935 3287 973 3347 ed
994 3303 1055 3346 aest
1076 3287 1188 3362 venias,
1211 3281 1265 3346 ubi
1286 3279 1320 3344 in

152 3377 253 3443 tertia
286 3382 321 3441 et
341 3384 457 3457 quarte
483 3380 610 3444 demum
636 3379 859 3444 enuntiatione
887 3383 1027 3461 positum
1056 3401 1087 3444 aa
1110 3379 1250 3445 refertur
1275 3377 1318 3441 ad

151 3475 333 3539 subiectum
363 3477 500 3556 primae,
538 3477 623 3542 unde
651 3481 778 3542 ceterae
800 3481 955 3558 pendent,
991 3496 1021 3543 v.
1045 3477 1165 3558 Reisig.
1188 3495 1218 3556 p.
1243 3480 1316 3542 385.

151 3571 252 3636 Andr.
275 3572 300 3651 I,
325 3578 354 3652 5,
378 3579 432 3639 35:
456 3579 551 3652 timet,
573 3578 619 3637 Ne
641 3578 763 3638 deseras
785 3595 823 3640 ιι.
858 3573 896 3640 ef.
918 3595 949 3641 v.
970 3579 1027 3640 46:
1053 3578 1151 3639 Unum
1175 3578 1232 3638 hoo
1254 3575 1318 3636 sei)

151 3685 219 3732 eoae
242 3675 388 3747 meritam,
412 3680 446 3734 ul
466 3691 580 3734 memor
602 3691 685 3735 esses
707 3675 764 3736 sati.
786 3670 830 3750 ΙΙ,
843 3678 872 3751 3,
888 3676 944 3738 28ι
965 3677 1051 3736 Hane
1071 3675 1160 3736 iidem
1183 3673 1245 3734 Sibi
1266 3687 1314 3732 ma

151 3768 331 3845 obaeoravit,
356 3773 406 3847 qui
427 3789 458 3832 ee
478 3773 571 3832 eoiret
592 3789 652 3831 non
675 3771 871 3845 deserturum,
895 3779 929 3832 ut
949 3774 1061 3834 darem.
1084 3769 1126 3847 ΙΙ,
1150 3773 1179 3845 6,
1204 3775 1238 3832 1:
1260 3771 1318 3832 llio

151 3881 232 3923 nuno
262 3883 310 3928 me
333 3871 430 3930 eredit
457 3871 586 3944 aliquam
607 3869 666 3929 eibi
687 3867 837 3929 Ιιιιιιιιιιι
858 3871 993 3932 Portare.
1037 3868 1121 3932 Eun.
1142 3867 1185 3946 ΙΙ,
1208 3872 1239 3945 2,
1263 3871 1318 3931 el:

150 3958 221 4035 [lbi]
254 3964 342 4026 bomo
382 3969 483 4042 eoepit
516 3981 564 4026 ma
607 3967 782 4039 obsecrare,
818 3967 861 4029 Ut
891 3965 950 4028 eibi
985 3969 1095 4030 lieeret
1130 3967 1248 4028 diseero
1284 3965 1316 4027 id

151 4058 189 4116 do
217 4071 275 4118 na.

157 4195 161 4206 .
237 4152 358 4221 nunus
377 4160 557 4239 rrenrpatur
576 4113 765 4223 merirum
787 4159 925 4226 relatum
953 4161 995 4224 ad
1016 4159 1198 4234 subiectum·
1216 4173 1317 4226 enun-

147 4247 297 4315 tiationis
316 4253 489 4332 primariae
516 4256 556 4320 iu.
577 4255 799 4322 enuntiatione
827 4257 1019 4324 ιιιιιιιῦιιιι
1045 4275 1156 4339 mae
1169 4258 1205 4330 l·
1241 4275 1317 4323 oon-
