3070 4758
441 245 528 287 cneus
544 241 1020 292 eumrnunrvonurr.-enn1r1vua
1240 253 1304 315 337

150 420 262 480 lebonis
278 423 353 482 cett.
378 419 511 502 Argum.
528 419 642 486 Pseud.
658 421 701 502 ΙΙ,
716 439 745 487 v.
763 427 797 486 2:
812 440 995 486 nummorum
1008 411 1134 501 indigus.
1152 421 1265 486 Bacch.
1279 421 1304 494 1,

151 519 181 595 2,
204 519 260 580 46:
282 521 415 580 vacivom
437 521 552 583 uirium.
597 517 723 586 Terent.
747 521 863 586 Heant.
887 521 913 602 Ι,
932 527 960 600 1,
983 523 1122 586 38:81ne
1145 539 1201 590 me,
1225 525 1304 582 raci-

152 633 218 676 vom
247 621 364 691 tempua
392 619 508 694 nequod
535 621 602 679 dem
633 621 706 680 mihi
733 623 867 682 Laboris.
913 617 1026 699 Amph.
1056 618 1137 698 prol.
1165 635 1194 682 v.
1225 621 1303 682 105:

153 713 246 786 Quam
270 713 346 775 liber
368 717 471 776 harum
499 733 598 776 rerum
626 716 695 794 [et]
724 721 881 780 muitarum
908 720 981 791 siet,
1013 741 1057 770 =
1078 733 1172 796 quam
1205 715 1306 780 libere

152 806 347 874 moechetur.
391 810 507 876 Bacch.
530 812 585 892 IV,
602 817 631 895 8,
648 817 682 878 8:
699 819 774 878 Nive
798 817 976 878 exheredem
999 815 1099 875 iecere
1122 817 1200 877 vitae
1224 832 1303 876 suae.

151 905 250 970 such.
275 905 329 987 IV,
356 913 383 989 1,
408 913 462 972 21:
487 913 622 972 Omnium
645 931 691 974 me
714 917 821 975 exilem
850 921 938 991 acque
962 917 1078 973 inanem
1108 912 1181 973 iecit
1209 917 1306 989 aegri·

154 1008 298 1067 tudinum.
345 1005 439 1070 Ennii
461 1007 673 1073 Eumenidum
701 1009 739 1076 fr.
771 1017 805 1092 5,
830 1029 858 1075 v.
891 1013 966 1074 187:
997 1011 1180 1072 Summarum
1207 1030 1307 1071 rerum

155 1107 274 1164 incerti.
312 1102 414 1168 Plaut.
437 1104 518 1169 Rud.
541 1105 567 1186 Ι,
592 1113 620 1187 3,
645 1109 946 1187 37:1acertu[sum]
970 1110 1081 1173 consili.
1126 1105 1257 1171 Servius
1276 1107 1309 1171 in

155 1202 233 1264 Aen.
256 1200 313 1281 IX,
338 1206 421 1266 255:
446 1202 588 1282 „Ennius
611 1207 679 1268 deos
701 1209 767 1268 aeui
792 1210 920 1283 intepros
941 1206 1026 1286 dicit,
1043 1204 1309 1286 quibusmultum

157 1300 226 1363 aevi
249 1318 346 1381 super
369 1298 450 1364 est.“
494 1300 597 1366 Plani.
629 1303 721 1368 Truc.
749 1304 779 1384 Ι,
803 1309 836 1384 2,
862 1307 915 1368 3οε
943 1304 1139 1366 manufestum
1168 1303 1307 1382 (passive

153 1397 388 1478 accipiendum)
413 1401 557 1472 mendaci,
581 1406 667 1478 mala,
691 1411 721 1463 te
738 1413 835 1464 teneo.
880 1401 966 1479 Asin,
991 1400 1028 1479 V,
1053 1405 1081 1478 2,
1106 1405 1138 1467 5:
1168 1403 1193 1462 si
1222 1404 1308 1461 huius

156 1501 202 1558 rei
224 1515 269 1558 me
294 1499 465 1558 mendacem
488 1517 554 1560 esse
578 1502 736 1562 inveneris.
769 1498 858 1579 Capi.
876 1498 917 1578 ΙΙ,
934 1504 962 1578 2,
981 1504 1034 1562 14:
1059 1503 1188 1574 Quarum
1210 1519 1309 1560 rerum

155 1602 186 1656 ce
216 1595 388 1656 falsilocum
412 1599 483 1656 mihi
506 1615 571 1658 esse
595 1601 673 1659 noio.
717 1596 812 1661 Most.
838 1595 892 1674 IV,
918 1603 945 1676 1,
971 1601 1023 1661 19:
1046 1601 1149 1658 Peculi
1172 1600 1218 1658 sui
1239 1615 1309 1672 pro-

159 1695 228 1769 digi.
258 1691 340 1755 aud.
357 1691 411 1771 IV,
432 1698 460 1773 7,
485 1698 538 1758 21:
563 1698 607 1756 Ne
631 1699 743 1757 conscii
767 1700 826 1758 sint-
848 1699 906 1772 ipsi
928 1697 1056 1757 malefici
1080 1698 1149 1756 suis.
1181 1693 1308 1757 Terent.

155 1789 272 1854 Heaui.
296 1788 341 1866 ΙΙ,
369 1796 403 1871 1,
437 1797 471 1857 3:
501 1794 605 1868 Neque
635 1796 754 1854 illarum
782 1795 894 1857 adfines
921 1812 986 1856 esse
1014 1811 1113 1855 rerum
1145 1811 1217 1868 quas
1250 1791 1310 1853 ieri

154 1890 369 1952 adulescentia.

242 1987 418 2060 Participiu.
454 1986 549 2050 Ennii
571 1987 675 2053 annai.
698 1988 839 2054 incertae
862 1987 945 2054 sedis
964 1984 1076 2067 fragm.
1097 1991 1168 2050 122:
1191 1990 1309 2048 uirtutis

156 2085 304 2164 egentem.
354 2083 577 2150 Andromacha
605 2085 820 2151 Aechmalutis
846 2085 882 2151 fr.
910 2090 963 2149 10:
992 2089 1040 2146 Ειι
1062 2087 1165 2161 opibus
1190 2089 1309 2147 summis

157 2182 223 2258 epae
246 2186 483 2260 egena-Hector
505 2191 583 2244 tuae.
629 2181 732 2249 Pleut.
755 2184 836 2249 aud.
860 2183 919 2263 ΙΙΙ,
943 2189 971 2261 2,
996 2185 1053 2246 28;
1078 2186 1121 2243 tui
1142 2186 1309 2258 indigentes

161 2284 261 2344 auxili.
310 2277 432 2356 Cisal,
459 2285 490 2360 1,
516 2286 570 2346 31:
595 2283 718 2343 Suarum
741 2303 794 2345 nos
817 2302 905 2359 opum
928 2287 1028 2344 volunt
1051 2299 1117 2342 esse
1140 2282 1309 2356 indigentis.

162 2377 220 2454 (sic
240 2377 333 2443 Both.
358 2376 450 2458 Vulg.
477 2371 626 2460 ἀμέτρως
648 2399 735 2456 opum
758 2379 842 2456 nos),
873 2378 1048 2441 =v01uni
1077 2394 1134 2440 nos
1168 2393 1206 2440 ex
1232 2377 1310 2458 ipsis

163 2474 312 2556 pendere,
335 2476 423 2556 ipsas
445 2475 613 2555 respicere,
637 2477 704 2540 sine
727 2475 853 2540 illarum
877 2476 980 2556 gratia
1001 2475 1108 2539 vivere
1130 2491 1191 2538 nen
1208 2493 1308 2554 posse.

161 2571 257 2636 Ennii
278 2572 380 2637 annal.
397 2571 416 2636 l.
432 2572 457 2652 Ι,
472 2571 510 2636 Ιι.
529 2579 585 2637 57:
603 2577 747 2636 Curantes
771 2594 877 2651 magna
899 2594 964 2636 cum
988 2591 1059 2634 cura
1081 2581 1142 2634 tum
1165 2577 1312 2647 capientes

158 2671 259 2745 Repaa'
281 2669 356 2744 (dic.
381 2670 420 2734 de
443 2670 502 2735 div.
526 2669 551 2748 Ι,
574 2671 639 2747 48).
684 2671 787 2736 Pleut.
815 2669 880 2734 Mil.
904 2671 966 2746 IV,
991 2677 1023 2750 2,
1048 2674 1102 2733 58:
1134 2675 1209 2733 Nam
1233 2676 1310 2732 hunc

160 2774 280 2832 anulum
304 2769 384 2846 [ego]
408 2772 444 2831 ab
468 2771 512 2830 iai
533 2771 660 2844 capienti
688 2773 756 2831 huic
779 2772 879 2832 detuli.
924 2769 1036 2849 Amph.
1064 2767 1143 2849 prol.
1177 2785 1205 2830 v.
1237 2773 1310 2832 132:

158 2869 265 2943 quoius
296 2871 418 2943 cupiens
446 2878 617 2930 maxumesi.
666 2867 792 2931 Terent.
816 2867 893 2932 Hec.
916 2867 945 2945 Ι,
970 2871 1004 2946 2,
1028 2869 1081 2930 67:
1110 2870 1234 2943 cupiens
1257 2869 1309 2927 tui.

160 2949 264 3028 Plani.
287 2964 373 3030 Asin.
391 2964 428 3043 V,
444 2970 473 3046 2,
491 2970 525 3029 7:
542 2973 687 3028 amantem
711 2970 811 3027 uxoris
834 2983 977 3027 maxume.
1022 2963 1090 3028 Cas.
1115 2963 1193 3043 prol.
1210 2983 1238 3028 v.
1254 2967 1309 3028 63:

161 3064 266 3123 Sciens
290 3067 352 3125 eius
381 3093 426 3114 =
447 3064 516 3128 eins
543 3063 590 3127 rei
618 3063 741 3128 conscia
773 3081 810 3128 ac
840 3059 948 3144 gnara.
998 3061 1090 3125 Truc.
1118 3061 1165 3143 ΙΙ,
1196 3067 1228 3140 1,
1259 3066 1311 3125 13:

161 3163 347 3223 Piaculumst
373 3166 511 3225 misereri
538 3181 591 3224 nos
625 3164 774 3224 heminam
799 3164 845 3222 rea'
871 3166 946 3222 male
968 3165 1127 3235 perentam.
1173 3158 1313 3238 (Inutilis

160 3261 213 3322 est
233 3257 369 3328 mutatio
384 3259 491 3324 Boihii
512 3260 545 3322 in
567 3279 629 3321 rem
652 3280 689 3322 m.
712 3261 795 3337 gen).
841 3259 966 3323 Terent.
987 3258 1113 3322 Phorm.
1136 3257 1189 3339 IV,
1212 3263 1312 3337 3,·1a:

163 3356 293 3433 fugitans
320 3361 424 3419 litium.
468 3357 571 3421 Plani.
595 3355 666 3420 Aul.
689 3355 733 3435 V,
761 3363 790 3437 Ι,
818 3361 868 3420 le:
893 3362 1038 3418 scelerum
1063 3360 1312 3419 cumulatissume.

162 3451 277 3518 Caecii.
296 3454 374 3520 scat.
392 3455 632 3535 Harpazomene
648 3455 684 3520 fr.
702 3459 735 3518 52
750 3459 800 3531 qui
819 3458 905 3517 hemo
919 3455 1122 3530 ineptitudine
1138 3458 1311 3529 cumulatus,

160 3557 273 3615 cultum
296 3555 434 3616 oblitu's?
451 3585 490 3596 -

253 3654 349 3714 Verba
371 3671 437 3714 cura
457 3653 585 3726 panitiae
607 3654 771 3715 coniuncta.
815 3650 912 3714 Naev.
941 3649 1012 3714 bell.
1034 3649 1111 3713 Pan.
1135 3647 1155 3714 l.
1179 3648 1209 3727 Ι,
1232 3645 1269 3712 ir.
1292 3653 1313 3712 4

163 3762 214 3824 ap.
263 3747 412 3814 Priscian.
435 3747 488 3826 VI,
510 3767 540 3828 p.
566 3751 626 3813 679
649 3749 701 3813 Ρ.;
723 3753 760 3810 Ei
782 3752 863 3810 uenit
882 3751 915 3807 ia
935 3753 1057 3809 meatem
1078 3751 1226 3809 hominum
1249 3747 1314 3820 fer-

164 3847 261 3907 iamus.
306 3846 433 3911 Terent.
456 3845 581 3910 Phorm.
605 3846 636 3926 Ι,
665 3853 698 3927 3,
723 3851 755 3910 2:
778 3851 828 3908 ubi
850 3851 949 3908 veniat
970 3851 1000 3907 in
1023 3855 1152 3908 mentem
1174 3849 1237 3906 eius
1260 3845 1313 3904 ad·

165 3945 255 4002 venai.
301 3943 404 4009 Plaut.
420 3943 505 4008 Trin.
528 3943 582 4023 IV,
608 3950 636 4025 3,
659 3950 712 4008 20:
730 3949 919 4007 eonneminit
935 3948 1021 4007 domi.
1052 3943 1180 4007 Terent.
1197 3942 1312 4007 Heaut.

164 4036 202 4115 V,
218 4043 249 4118 4,
273 4045 304 4104 3;
327 4045 456 4105 Eiusne
482 4047 650 4106 memineris
673 4056 761 4120 atque
784 4045 880 4119 inopis
896 4063 973 4104 nunc
996 4051 1026 4103 te
1049 4045 1225 4102 miserescat
1246 4044 1311 4101 mei.

163 4135 247 4201 Eun.
271 4136 324 4216 lv,
349 4145 376 4218 7,
399 4147 455 4204 45:
481 4144 558 4203 domi
585 4141 701 4219 focique
732 4141 779 4203 iac
801 4144 931 4202 vicissim
954 4150 987 4202 ut
1009 4141 1186 4201 memineris.
1232 4137 1313 4202 Eun.

163 4231 220 4314 iv,
239 4241 266 4314 7,
284 4241 337 4300 31:
362 4241 480 4301 Faciam
496 4247 529 4301 ui
543 4242 629 4302 huius
645 4243 703 4302 loci
726 4242 842 4317 dieique
865 4242 979 4316 meique
1003 4245 1119 4314 semper
1133 4238 1313 4299 memineris.

218 4336 302 4385 Hocine,
317 4337 420 4389 Synaaxie
434 4339 452 4377 1.
1067 4347 1106 4404 22
