3064 4754
482 275 569 316 CASUS
585 273 852 316 sonsrnnrlronml.
872 295 899 306 ·-
918 275 1056 316 Accusnr.
1290 283 1354 342 247

201 465 313 524 norem,
337 451 421 529 quod
445 447 668 516 Schmlerlerus
691 451 843 533 explicet:
868 451 1114 533 operem'dore,
1138 448 1354 514 ottramnus

202 544 278 610 Cist.
303 545 328 625 l,
357 553 381 625 l,
407 552 461 612 39:
487 559 559 611 cnut
584 551 760 624 depressum.
805 548 893 614 Pers.
911 549 936 627 l,
961 554 990 628 2,
1016 545 1355 624 1l:srneme0pen-

201 650 267 707 cnlo
290 649 334 706 ire
358 649 456 708 aliene
479 653 608 721 crepitum
630 647 717 710 bono.
761 643 876 712 Bacch.
899 645 937 724 V,
966 651 996 725 2,
1027 649 1085 710 52:
1116 647 1159 710 Ut
1180 649 1257 708 istuc
1281 643 1355 706 oen

200 751 279 804 ctum
303 745 430 806 desistas
453 752 537 807 tanto
561 763 651 820 opere
674 747 719 805 ire
742 751 949 819 opponentem.
980 743 1094 809 (iaecil.
1111 742 1193 808 utet.
1211 740 1249 805 ir.
1264 740 1356 804 Asoti

202 843 237 903 2:
260 844 307 901 Ad
323 845 434 904 amicos
451 851 552 904 curret
568 839 741 906 mutuatum.
765 839 878 905 lmorn
891 841 927 905 fr.
943 847 978 907 3:
1001 841 1077 903 ltili
1093 843 1184 903 surdo
1196 839 1359 901 dormitum

201 940 307 999 suadet
335 947 367 999 ut
391 959 463 1002 eam.
509 937 637 1002 Terent.
661 935 778 1002 Hetnt.
803 937 829 1017 l,
856 943 881 1015 l,
906 941 961 1002 65:
995 941 1029 1001 In
1057 941 1159 1000 Asiam
1188 938 1226 998 td
1254 953 1356 1012 regem

199 1038 359 1097 militatum
382 1039 464 1110 abiit,
490 1037 640 1098 Chremes.
685 1035 781 1100 Andr.
805 1035 830 1115 Ι,
857 1043 883 1114 Ι,
911 1041 985 1101 107ι
1015 1037 1085 1097 Meo
1107 1037 1286 1111 Glycerium,
1309 1036 1354 1093 lua

202 1136 273 1208 quit,
299 1136 367 1209 quid
391 1135 475 1210 agis?
497 1153 570 1210 quor
593 1140 623 1194 te
646 1137 672 1196 is
691 1135 862 1208 petimur?
905 1133 1003 1197 Andr.
1027 1133 1052 1210 Ι,
1074 1137 1103 1212 2,
1127 1137 1163 1196 6:
1193 1133 1251 1205 Qui
1273 1135 1356 1206 post·

203 1249 288 1305 qnam
314 1231 448 1292 audierat
471 1251 529 1293 nou
552 1231 654 1292 dutum
677 1232 715 1291 iri
737 1232 798 1293 fillo
816 1247 937 1293 uxorem
962 1251 1024 1294 suo.
1060 1229 1158 1294 Andr.
1175 1227 1234 1307 111,
1251 1231 1280 1306 2,
1298 1229 1353 1292 θῦε

202 1331 321 1388 missust
345 1332 455 1390 cucilla
477 1330 548 1390 ilico
569 1329 768 1390 Obstetricem
792 1331 964 1390 arcessitum
986 1331 1023 1390 ul
1046 1347 1152 1403 mum,
1176 1334 1207 1388 ct
1229 1339 1354 1401 puerum

200 1433 233 1486 ut
256 1425 389 1486 adferret
412 1429 507 1487 simul.
554 1423 687 1505 Adelph.
710 1423 770 1503 III,
795 1429 824 1504 2,
848 1429 903 1489 48:
932 1445 991 1502 pro
1012 1429 1125 1501 virgine
1156 1443 1193 1486 oc
1215 1425 1281 1485 deri
1301 1437 1356 1483 uu·

196 1529 282 1598 ptum
304 1525 362 1583 heu
383 1532 493 1599 potest.
540 1521 637 1586 Andr.
661 1523 704 1602 ΙΙ,
730 1527 758 1602 l,
783 1527 814 1586 1:
848 1525 983 1586 Daturne
1010 1527 1064 1586 illa
1084 1524 1240 1600 Pamphilo
1267 1523 1354 1582 hodio

201 1623 345 1695 nuptum?
389 1619 515 1683 Phorm.
546 1619 589 1700 ΙΙ,
619 1626 646 1700 1,
679 1624 734 1684 81:
769 1638 824 1698 ego
847 1623 920 1683 deos
948 1625 1066 1698 penatis
1094 1623 1164 1682 ilinc
1194 1621 1357 1682 soluturum

204 1719 319 1778 domum
343 1721 499 1781 Devorler.
544 1717 660 1782 Heaut.
685 1716 727 1796 ΙΙ,
752 1722 781 1797 3,
806 1723 864 1782 74·;
891 1723 921 1779 in
940 1737 1007 1780 meo
1027 1722 1088 1781 rita
1109 1727 1141 1780 tn
1162 1720 1217 1780 tibi
1238 1718 1356 1780 leudem

202 1816 227 1874 is
250 1818 421 1888 quaesitum,
446 1818 568 1878 scelus?
612 1813 690 1879 Heo.
706 1813 748 1892 ΙΙ,
768 1819 795 1892 l,
812 1818 867 1878 27:
890 1819 955 1877 Rus
976 1819 1141 1878 babitutum
1164 1816 1231 1878 abii.
1278 1813 1357 1894 Spe*

201 1914 268 1975 ctct
289 1911 329 1974 ad
352 1911 435 1978 hunc
457 1914 689 1990 accusativum,
718 1919 755 1976 ut
776 1911 974 1992 Hortungius
998 1929 1028 1992 p.
1052 1915 1094 1977 48
1117 1913 1228 1991 docet,
1258 1911 1355 1975 ctiam

200 2006 289 2073 locus
311 2009 414 2074 Plani.
439 2009 536 2076 Merc.
560 2010 602 2091 ΙΙ,
627 2015 655 2089 3,
683 2015 735 2074 19:
769 2020 853 2072 trans
880 2029 962 2073 mere
986 2013 1054 2073 bine
1076 2029 1183 2074 uenum
1210 2019 1354 2086 asportet.

286 2107 381 2170 Ennii
404 2107 605 2172 Euhemerus
627 2105 663 2171 ir.
691 2111 740 2186 ll,
764 2111 821 2170 tl:
850 2111 1016 2184 exemplum
1041 2113 1151 2172 ceteris
1174 2109 1214 2170 ud
1235 2108 1355 2172 imitatr-

200 2205 271 2266 dum
295 2208 385 2266 dedit.
430 2205 533 2269 Pluut.
557 2205 654 2269 Mero.
678 2203 715 2283 V,
740 2209 768 2284 2,
793 2209 849 2269 94τ
884 2223 1005 2281 operum
1032 2214 1066 2268 nt
1090 2223 1201 2269 sumam
1229 2207 1269 2269 cd
1287 2222 1356 2281 per-

199 2304 411 2376 resonandum,
435 2307 485 2365 ubi
508 2309 547 2366 sit
570 2307 666 2366 illaec.

291 2404 339 2462 55.
379 2399 413 2464 Si
435 2418 499 2466 cce.
522 2401 698 2482 respondet
719 2400 760 2464 od
782 2398 892 2463 interr.
917 2401 958 2460 ud
977 2418 1068 2476 quum
1089 2419 1151 2462 reru
1171 2401 1354 2476 pertineret,

204 2496 400 2575 praepositio
417 2517 475 2574 per
497 2499 626 2579 ponitur
648 2517 720 2564 oum
742 2515 805 2563 ecc.
828 2497 944 2574 iuncta.
971 2529 1003 2543 -—
1034 2504 1061 2562 1.
1077 2501 1136 2560 Per
1157 2497 1196 2563 dc
1218 2512 1355 2580 persone

202 2593 268 2657 sive
291 2612 344 2673 re,
367 2613 426 2674 per
448 2613 541 2676 quum
565 2597 684 2678 aliquid
707 2594 750 2661 fit.
772 2595 866 2660 Ennii
889 2595 993 2660 aunei.
1017 2594 1355 2676 l.ltvl,lr.1o:ue-

201 2711 252 2767 ges
269 2711 327 2766 per
349 2711 473 2768 reputem
494 2701 667 2772 statuasque
690 2697 904 2770 seputctruque
927 2703 1090 2771 quaeruut,
1118 2695 1287 2756 Aedificant
1302 2710 1354 2754 no-

201 2809 278 2850 men.
327 2789 437 2854 Annul.
460 2791 519 2857 inc.
543 2793 629 2858 sedis
651 2792 762 2873 fragm.
780 2797 837 2856 71:
860 2794 910 2870 qni
932 2791 1054 2852 fulmine
1077 2795 1159 2853 claro
1176 2794 1282 2853 Omnis
1298 2807 1356 2866 per

199 2890 313 2950 sortitus
335 2897 429 2951 ercet.
466 2887 600 2954 Medeae
624 2890 726 2956 exulis
748 2889 786 2955 fr.
814 2896 840 2968 l,
864 2905 892 2951 v.
917 2893 993 2954 lto:
1018 2907 1074 2966 per
1096 2891 1205 2952 dolum.
1249 2885 1353 2951 Plano.

198 2981 264 3047 Mil.
282 2983 336 3064 IV,
355 2990 383 3065 6,
402 2991 457 3052 10:
479 2990 537 3049 Per
560 2991 715 3064 epistulam
738 2999 790 3051 aut
807 3008 864 3065 per
884 2991 1026 3050 nuntium
1049 2991 1134 3066 quusi
1155 3005 1256 3066 regem
1279 2989 1356 3048 adiri

199 3099 264 3142 curn
289 3087 378 3148 aiunt.
425 3084 519 3150 Most.
543 3085 602 3166 ΙΙΙ,
627 3092 656 3166 2,
680 3091 733 3151 7οτ
761 3105 819 3162 per
847 3087 933 3160 tidem
961 3087 1114 3163 Deceptus
1142 3105 1214 3148 snm.
1257 3083 1354 3148 Poen.

198 3180 268 3258 prol
299 3198 327 3243 v.
354 3186 407 3245 13:
442 3187 559 3246 Exerce
582 3201 684 3249 vocem
707 3203 796 3260 ριιαννν
813 3202 870 3259 per
897 3187 1029 3260 vivisque
1059 3173 1116 3258 (sic
1138 3182 1229 3249 codd.
1252 3179 1357 3246 Parei.

198 3274 303 3357 Vulgo
326 3280 414 3354 uiuis)
439 3289 469 3341 et
493 3285 576 3346 colis.
620 3281 714 3347 Poen.
738 3280 776 3358 V,
799 3286 829 3359 4,
857 3285 908 3343 14:
932 3282 1184 3358 Iuppiter—ptr
1205 3299 1291 3356 quem
1313 3282 1356 3341 ri·

198 3377 293 3436 vimus
317 3379 437 3438 vitalem
462 3397 572 3441 aevom.
604 3380 722 3444 Atilius
737 3377 774 3441 fr.
792 3379 852 3441 ino.
868 3375 932 3442 leb.
949 3383 982 3442 2;
1000 3398 1057 3456 ριν
1073 3381 1218 3440 laetitiam
1233 3379 1357 3455 liquitur

199 3477 334 3534 Animus.
381 3471 497 3538 Caecil.
521 3475 601 3540 scat.
626 3473 808 3559 Synephebi
829 3471 866 3537 fr.
896 3479 922 3552 l,
945 3493 974 3538 v.
999 3479 1076 3539 202:
1097 3483 1154 3553 pe'r
1176 3479 1288 3539 literas.
1326 3491 1356 3538 r.

198 3572 273 3634 203:
297 3591 352 3647 por
369 3577 524 3634 servolum.
541 3608 585 3618 —
601 3581 628 3639 2.
644 3577 703 3638 Per
719 3571 961 3653 permissionem
977 3572 1042 3637 sive
1061 3573 1182 3638 veniam
1198 3571 1356 3653 exprimit.

122 3723 126 3730 .
199 3665 303 3732 Plaut.
327 3669 425 3734 Mero.
448 3670 486 3745 V,
509 3676 539 3748 4,
563 3675 618 3735 63:
645 3691 701 3748 per
721 3691 774 3734 uos
796 3673 913 3749 quidem
937 3674 1039 3733 hercle
1063 3673 1171 3747 egebit,
1193 3669 1224 3735 h.
1248 3687 1275 3734 e.
1298 3684 1356 3734 nos

196 3782 258 3829 non
282 3765 501 3847 impediemus,
525 3770 694 3848 quominus
718 3776 820 3852 egeat.
865 3769 958 3849 Epid.
983 3766 1042 3847 ΙΙΙ,
1069 3775 1095 3848 l,
1120 3773 1153 3832 3:
1192 3769 1357 3833 Perillam

196 3865 251 3924 tibi
266 3867 379 3939 coptum
395 3868 511 3942 copiam
531 3869 587 3927 tibi
603 3869 713 3930 Parere
734 3872 822 3930 aliam
843 3873 925 3943 licet,
949 3867 989 3931 ad
1010 3885 1038 3945 q.
1061 3866 1081 3931 l.
1098 3866 1224 3931 Lamb.:
1248 3867 1356 3940 „ibina

196 3959 305 4039 ἐκείνης
328 3957 408 4044 [τῆς]
432 3957 590 4044 εὐπορίας,
625 3966 708 4044 q..d.
731 3965 802 4030 Non
834 3965 929 4030 debet
956 3964 1015 4029 libi
1042 3964 1075 4028 in
1102 3961 1237 4044 Epidico
1265 3965 1356 4027 tanta

196 4057 306 4137 copiae
336 4077 411 4140 spes
438 4075 523 4139 esse,
558 4066 595 4125 ut
611 4061 705 4126 uliam
735 4067 907 4142 propterea
929 4061 1093 4141 negligere
1114 4059 1226 4125 vensf‘
1267 4057 1356 4123 Pers.

194 4151 253 4235 ΙΙΙ,
276 4161 302 4235 l,
319 4159 376 4221 48:
400 4159 518 4219 Lubere
542 4161 597 4221 tibi
617 4179 673 4234 per
693 4179 739 4221 me
761 4165 854 4222 licere
878 4160 1031 4236 intellego.
1076 4155 1174 4223 Mero.
1189 4155 1228 4238 V,
1249 4163 1280 4236 4,
1303 4159 1356 4221 30:

187 4271 245 4328 per
267 4271 318 4315 me
339 4257 450 4317 habeut
472 4259 553 4318 licet.
600 4255 715 4323 Otecil.
740 4256 820 4324 scut.
843 4255 903 4319 inc.
931 4255 993 4320 inb.
1016 4255 1055 4323 ir.
1080 4259 1108 4336 2,
1135 4275 1164 4322 r.
1188 4258 1265 4320 nlo:
1299 4256 1359 4316 Pir
