3004 4764
499 265 539 307 111.
563 267 724 309 PRONOAOEN
738 267 913 311 unuurlvuu.
1252 283 1315 340 377

157 439 222 504 tius
244 437 387 505 Plocium
408 438 446 505 11.
473 446 501 521 l,
522 459 552 506 v.
579 445 652 508 148:
696 449 744 507 An
775 465 850 522 quae
874 445 947 506 mihi
968 445 1112 520 quidquid
1132 450 1251 521 placet,
1278 463 1314 510 eo

154 540 272 614 privat,
305 548 451 602 seruatam
480 541 591 602 velim?
635 540 761 606 Terent.
790 541 915 607 Phorm.
939 541 982 623 ΙΙ,
1011 547 1038 618 l,
1070 546 1122 606 16:
1167 547 1319 623 Quidquid

155 643 277 710 praeter
301 657 381 717 spem
406 623 533 715 eveniat,
571 658 657 704 omne
679 641 710 700 id
733 643 877 717 deputare
901 657 966 704 esse
989 643 1020 702 in
1042 645 1135 704 luero.
1179 639 1313 722 Adelph.

154 731 214 815 111,
231 739 260 815 2,
275 742 336 803 44:
360 739 552 824 Quapropter
566 758 680 818 quoquo
698 747 787 815 pacto
807 741 930 800 tacitast
949 758 1032 815 opus.
1055 735 1133 803 Hec.
1144 735 1170 818 Ι,
1185 743 1212 819 1,
1226 741 1245 803 6
1258 755 1314 820 sqa

781 839 847 914 Ego
869 845 1033 912 propterea
1054 843 1085 897 te
1109 838 1212 901 sedulo

326 937 367 996 Et
389 954 495 998 moneo
518 945 548 999 et
571 939 684 1012 hortor,
707 953 744 995 ne
767 938 961 1011 quoiusquam
983 936 1134 1010 misereat,

330 1035 407 1108 Quin
431 1038 542 1111 spolies
564 1036 683 1096 mutiles
706 1035 821 1094 laceres
844 1049 1015 1107 quemquem
1036 1039 1125 1095 nacta
1149 1035 1202 1108 sis,

161 1125 200 1190 de
217 1143 280 1208 quo
300 1128 369 1195 loco
384 1129 530 1196 Klotzius
552 1131 585 1195 in
600 1148 734 1196 censura
748 1129 880 1210 Nepotis
903 1129 951 1194 ed.
968 1129 1107 1194 Beneclr.
1124 1147 1194 1194 nou.
1211 1129 1315 1196 annal.

156 1223 231 1304 phil.
257 1231 349 1307 1846,
371 1230 432 1295 vol.
455 1233 507 1308 46,
530 1232 606 1293 sect.
632 1233 659 1307 l,
682 1244 713 1308 p.
736 1232 793 1292 83:
822 1227 958 1307 „Forma
979 1247 1147 1304 quemquem
1174 1228 1206 1292 in
1228 1227 1315 1293 codi-

158 1323 246 1389 cibus
268 1323 335 1391 iere
358 1345 483 1408 semper
507 1330 657 1406 corrupta
680 1329 739 1405 est,
762 1323 916 1390 namhoc
939 1342 1065 1406 quoque
1087 1325 1156 1390 loco
1178 1325 1313 1406 perboni

159 1421 248 1486 codd.
272 1413 390 1489 habent¹
411 1443 560 1501 quemque,
582 1441 645 1488 non
666 1441 849 1502 quemquem,
875 1423 961 1502 quod
982 1427 1090 1487 tamen
1110 1439 1221 1488 verum
1244 1441 1313 1488 esse

161 1522 228 1583 tum
252 1525 342 1586 vetus
365 1528 478 1588 auctor
499 1527 568 1586 tum
589 1522 746 1587 sententia
761 1521 821 1586 loci
836 1525 926 1586 extra
942 1537 1065 1584 omnem
1084 1519 1315 1584 dubitationem

161 1619 259 1697 ponit.
304 1619 425 1684 Auctor
445 1619 498 1684 ille
520 1625 613 1685 vetus
636 1623 687 1684 est
709 1618 878 1684 Oledonius
901 1636 931 1699 p.
956 1623 1038 1684 1908
1059 1617 1205 1683 Putsch.:
1229 1621 1316 1696 Quoia-

159 1718 233 1792 que's,
256 1719 361 1794 euicui,
384 1735 562 1797 quemquem,
579 1722 616 1782 ut
630 1717 813 1782 Terentius:
837 1735 1008 1793 quemquem
1021 1723 1111 1778 uueiu
1128 1713 1198 1780 ais.“
1223 1714 1315 1779 (iom-

160 1813 300 1892 positum
322 1818 372 1879 est
393 1813 591 1880 indefinitum
612 1817 836 1894 unusquisquis,
874 1831 936 1895 quo
957 1814 1007 1894 id,
1035 1811 1119 1894 quod
1141 1813 1181 1877 ad
1207 1829 1315 1878 omnes

163 1915 297 1991 spectet,
321 1913 417 1977 etiam
439 1914 472 1977 in
493 1913 636 1994 singulos
659 1914 773 1978 cadere
794 1912 953 1977 indicatur
975 1915 1009 1975 et
1029 1911 1118 1976 verbi
1140 1911 1227 1975 notio
1243 1928 1315 1974 con·

163 2006 309 2074 firmatur
331 2009 497 2090 (Schmidt.
520 2011 559 2074 de
582 2027 671 2091 pron.
694 2029 725 2091 p.
750 2003 813 2088 5¹7).
857 2008 1030 2091 Reperitur
1057 2007 1090 2072 id
1112 2009 1197 2089 apud
1220 2007 1315 2072 (lato-

162 2125 235 2171 ncm
264 2107 297 2172 in
323 2126 368 2172 or.
392 2109 432 2172 de
466 2108 532 2173 suis
561 2107 736 2173 virtutibus
766 2113 877 2173 contra
909 2106 1081 2171 Thermum
1108 2125 1157 2187 ap.
1181 2105 1315 2172 Festum

162 2221 192 2284 p.
217 2209 294 2272 234:
320 2211 369 2283 qui
391 2227 482 2270 uuum
502 2209 642 2282 quicquid
662 2215 776 2270 mature
800 2209 947 2284 transigit,
970 2208 996 2268 is
1018 2214 1181 2282 properat:
1202 2223 1315 2280 -ego

161 2321 254 2364 uuum
276 2306 415 2380 quicquid
437 2308 514 2382 qnod
542 2307 663 2368 adortus
687 2325 768 2367 eram
791 2306 1006 2382 transigebam,
1032 2304 1110 2366 item
1137 2321 1187 2382 ap.
1209 2301 1314 2366 Plaut.

163 2397 249 2464 Trin.
272 2400 327 2481 lv,
348 2397 376 2479 2,
394 2406 453 2466 39:
489 2405 521 2462 Si
546 2405 783 2478 uuuuquuquu
803 2405 975 2480 singillatim
998 2409 1029 2462 et
1050 2402 1166 2477 placide
1189 2419 1314 2476 percon-

162 2499 275 2558 tabere.
321 2497 370 2562 Ad
403 2497 579 2578 analogiam
612 2519 640 2564 v.
675 2503 808 2575 quisquis
838 2500 934 2564 etiam
964 2505 1092 2573 quantus
1118 2503 1247 2572 quautus
1269 2496 1315 2561 di·

163 2597 248 2656 ctum
272 2597 320 2659 est
341 2613 361 2658 a
383 2595 531 2659 Terentio
554 2596 613 2662 Ad.
635 2597 694 2677 ΠΙ,
718 2603 746 2677 3,
769 2602 825 2663 40:
861 2601 918 2674 Tu,
945 2602 1074 2673 quuutus
1095 2595 1242 2672 quuutu's,
1273 2597 1316 2655 nil

162 2693 219 2752 nisi
242 2695 389 2769 sapientia
411 2715 452 2757 es.
484 2695 614 2760 —Lex
636 2695 762 2776 Papiria
789 2694 955 2760 tribunitia
989 2693 1130 2772 (10111.
1156 2690 1236 2773 213)
1264 2709 1314 2770 ap.

165 2788 281 2870 Egger.
304 2808 335 2871 p.
354 2796 430 2856 113:
452 2795 623 2871 Quicunque
643 2803 766 2871 praetor
786 2803 856 2870 post
877 2795 934 2857 hoc
957 2794 1054 2854 factus
1076 2795 1142 2853 erit.
1188 2789 1316 2854 Terent.

164 2887 262 2951 Andr.
286 2887 311 2967 I,
337 2894 364 2968 1,
389 2893 447 2955 36:
471 2893 542 2953 Cum
566 2894 672 2967 quibus
694 2899 759 2954 erat
781 2909 922 2967 quumque
944 2911 1011 2954 una.
1036 2889 1132 2954 Andr.
1155 2888 1180 2967 I,
1205 2892 1234 2968 5,
1258 2891 1315 2952 28:

164 2987 246 3062 Quae
269 3006 335 3049 men
356 3007 498 3064 quomque
520 2993 616 3052 animo
639 2993 792 3053 lubitumst
815 2992 923 3052 iacere.

248 3083 426 3150 Pronomen
447 3087 618 3152 relativum
642 3105 706 3153 non
734 3105 808 3153 raro
838 3087 884 3151 ita
906 3086 1036 3166 ponitur
1058 3091 1095 3151 ut
1116 3103 1175 3166 pro
1198 3103 1236 3150 eo
1258 3103 1316 3165 po-

161 3180 226 3245 tius
261 3181 525 3264 interrogativum
559 3189 732 3266 exspectes.
777 3185 930 3251 Similiter
963 3184 1048 3264 apud
1082 3183 1240 3264 Graecos,
1276 3183 1316 3248 de

162 3278 276 3358 quibus
305 3279 377 3346 vide
403 3282 520 3348 Bernh.
548 3301 577 3363 p.
606 3288 665 3348 291
698 3285 747 3360 (nt
768 3282 845 3348 Eur.
868 3281 935 3346 Alc.
959 3287 1035 3347 643:
1071 3279 1259 3355 ἔδειξας
1283 3275 1317 3353 ὃς

160 3371 207 3448 11).
231 3375 283 3443 sic
302 3377 405 3445 Plaut.
427 3379 510 3445 Men.
530 3379 586 3460 IV,
610 3386 639 3461 2,
665 3386 720 3445 11:
743 3383 828 3445 video
851 3401 937 3458 quam
959 3400 1022 3442 rem
1045 3385 1117 3458 agis.
1162 3378 1247 3445 Trin.
1271 3377 1314 3456 II,

159 3481 293 3554 4,177:
336 3479 395 3568 Dic
421 3481 477 3540 hoc
508 3482 607 3556 negoti
634 3498 692 3557 quo
718 3482 804 3541 modo
832 3486 969 3542 actumst.
1014 3477 1098 3542 Trin.
1125 3477 1180 3558 IV,
1205 3483 1234 3556 3,
1259 3483 1315 3544 11:

161 3575 243 3635 Scire
266 3579 333 3637 volo
357 3571 424 3652 quoi
444 3579 609 3640 reddidisti.
653 3575 737 3640 Men.
762 3575 804 3655 ΙΙ,
828 3580 857 3656 2,
881 3579 937 3640 74:
976 3579 1149 3654 VideamuS,
1173 3579 1223 3654 qui
1246 3579 1315 3637 hine

162 3675 321 3747 egreditur.
366 3671 432 3737 Mil.
456 3673 499 3752 ΙΙ,
524 3677 552 3754 3,
577 3679 629 3739 10:
672 3679 779 3739 Nescis
803 3683 835 3738 tu
857 3674 1000 3752 fortasse,
1029 3683 1100 3752 aput
1122 3696 1175 3738 nos
1199 3676 1315 3738 lacinus

161 3771 238 3842 quod
259 3779 390 3834 natumst
412 3791 524 3835 novom.
571 3769 660 3854 Oapt.
683 3771 725 3853 Π,
753 3778 779 3853 1,
806 3776 857 3837 14:
887 3777 994 3835 scimus
1016 3793 1070 3837 nos
1093 3781 1226 3834 nostrum
1249 3774 1315 3836 ofli-

160 3867 236 3927 cium
260 3871 338 3944 quod
361 3878 415 3932 est.
460 3869 543 3933 Men.
567 3867 606 3949 V,
631 3875 658 3949 1,
683 3875 723 3936 14
745 3889 810 3951 sq:
841 3874 907 3932 Non
931 3873 1054 3945 tuscis,
1078 3873 1192 3947 mulier,
1215 3874 1314 3933 Hecu·

160 3963 227 4022 bam
249 3977 431 4043 quapropter
454 3986 557 4029 canem
575 3970 659 4030 Graii
680 3988 746 4032 esse
767 3969 1002 4046 praedicabant?
1034 3966 1195 4033 Nonnulla
1209 3971 1315 4033 tamen

159 4057 272 4124 horum
296 4063 507 4146 exemplorum
532 4065 571 4128 ad
595 4065 818 4132 attractionem
839 4065 944 4146 possis
967 4064 1103 4131 trahere.

246 4155 480 4241 Nonnunquam
501 4163 684 4242 pronomine
706 4163 842 4229 relativo
864 4168 987 4229 mutato
1010 4179 1127 4244 genere
1150 4163 1313 4228 abstracta

159 4256 340 4321 accuratius
375 4258 583 4340 designantur
619 4263 652 4324 et
683 4262 896 4342 explicantur,
934 4263 988 4342 qui
1016 4278 1093 4328 usus
1118 4261 1219 4326 multo
1250 4258 1314 4325 ire·
