3070 4758
450 289 539 331 OASUS
553 287 823 334 anananlvoautl.
836 309 863 324 -·
878 289 1020 333 locum.
1247 294 1315 361 ,w

154 467 188 522 et
209 463 387 526 clementem
410 481 447 526 eo
468 481 562 541 usque
596 465 683 528 modo
716 472 753 528 ut
772 467 852 532 relul
879 483 952 530 usus
980 481 1046 530 eam
1067 467 1196 529 ia'aito.
1232 462 1315 530 Rud.

156 555 217 637 ΠΙ,
246 561 355 638 1,10:
390 561 517 624 Videtur
539 563 578 625 ad
599 581 646 625 me
669 564 756 626 simia
782 563 983 641 adgredirier,
1015 565 1133 640 Rogare
1162 562 1316 624 11111111

154 656 257 717 darem
282 658 408 719 alevadae
436 660 503 724 sibi.
551 658 634 724 nuo.
669 677 700 724 v.
732 663 829 725 1241:
873 659 930 722 ille
957 662 1008 738 qul
1037 661 1188 736 consulte,
1225 659 1314 721 docta

155 759 246 830 atque
283 759 383 816 astute
421 763 517 831 cavet,
554 760 677 820 Diutine
713 759 760 820 uli
796 752 852 836 [ei]
880 757 958 819 boue
986 760 1060 820 lieet
1084 755 1313 832 portumnus.

160 847 246 914 Trin.
269 848 308 929 V,
330 853 360 931 2,
385 857 418 916 'lt
443 855 529 928 Quod
551 857 652 918 datum
674 856 854 918 utendumst.
898 851 1094 920 Menaechm.
1122 851 1179 932 IV,
1201 856 1230 929 2,
1254 855 1312 920 94:

155 950 201 1008 sic
223 949 365 1010 utendam
389 951 467 1017 dedi.
490 967 519 1019 v.
544 955 584 1018 95
607 969 669 1032 sq:
690 954 839 1029 Equidem
861 961 979 1014 ecastor
1001 959 1082 1014 tuam
1103 969 1160 1014 uec
1182 951 1316 1026 chlamy·

157 1046 226 1105 dem
248 1046 286 1106 do
308 1045 391 1110 laras
414 1066 470 1111 uec
493 1053 618 1127 pallium
641 1051 807 1126 Quoiquam
827 1051 983 1112 claudum.
1027 1048 1127 1116 Mero
1153 1047 1180 1128 Ι,
1200 1051 1233 1128 2,
1258 1051 1314 1114 et:

155 1143 214 1204 llic
236 1143 318 1216 mihi,
342 1163 380 1206 an
403 1147 473 1207 boui
494 1149 565 1224 quid
587 1155 750 1228 usquamst,
774 1148 852 1224 quod
872 1149 1027 1225 quisquam
1049 1148 1094 1208 uti
1115 1148 1229 1224 possiet
1243 1147 1315 1210 Siue

153 1246 234 1306 malo
255 1247 344 1305 omni.
373 1241 459 1308 Asin.
475 1241 501 1323 Ι,
518 1248 547 1324 3,
563 1249 621 1310 47:
646 1248 756 1308 Cetera
779 1261 855 1321 quaa
879 1243 961 1322 [uos]
984 1247 1117 1308 uolumus
1139 1245 1184 1304 uti
1199 1245 1316 1306 Graeca

154 1359 324 1403 mercamur
345 1340 413 1400 fide.
457 1340 531 1407 Aul.
565 1340 608 1419 ΙΙ,
633 1347 663 1423 9,
685 1347 721 1407 4:
757 1344 823 1418 Ego
846 1344 917 1404 irino
939 1347 1089 1419 artoptam
1111 1357 1148 1402 ex
1170 1355 1315 1416 proxumo

157 1440 298 1502 utendam
320 1446 400 1515 peto.
446 1435 533 1502 Asin.
556 1437 599 1520 11,
620 1445 650 1518 4,
675 1443 732 1504 381
756 1441 892 1516 Scuphos
915 1459 989 1518 quos
1012 1439 1138 1502 utendos
1161 1439 1230 1498 dedi
1243 1437 1315 1499 Plri-

156 1538 284 1610 lodamo,
307 1538 475 1598 rettulitue.
518 1533 615 1601 Poen.
637 1535 679 1618 V,
700 1541 735 1615 4,
755 1541 811 1602 29:
847 1539 906 1600 iam
929 1538 979 1600 diu
1001 1539 1108 1613 edepol
1130 1542 1212 1597 tuam
1234 1534 1315 1612 sapi-

156 1635 267 1695 entiam
290 1634 365 1694 haee
389 1634 508 1709 quidem
530 1635 654 1698 abusast
686 1632 880 1714 (111Βο11.;
910 1632 995 1714 vulg.
1025 1635 1084 1696 lam
1106 1632 1157 1694 diu
1179 1632 1226 1694 ed.
1249 1647 1313 1708 sap.

155 1738 238 1792 tuam
261 1733 384 1792 abusast
404 1731 479 1792 haec
502 1731 645 1810 quidem).
667 1731 758 1796 Pers.
781 1729 823 1810 11,
850 1736 879 1809 3,
905 1735 958 1795 10:
979 1732 1057 1794 Nam
1078 1731 1136 1792 hoc
1159 1735 1314 1810 argentum

155 1829 216 1888 lam
239 1829 311 1888 alibi
334 1830 448 1891 abutar.
493 1826 611 1894 Bacch.
655 1827 697 1908 11,
722 1835 751 1907 3,
777 1832 854 1894 126:
898 1830 1018 1905 Nosque
1048 1846 1152 1890 aurum
1178 1827 1312 1889 abussos.

154 1923 242 1988 Trin.
265 1922 325 2001 ΙΙΙ,
349 1929 379 2002 2,
402 1927 459 1988 56:
483 1928 533 1987 Me
556 1929 607 2003 qui
629 1929 739 1990 abusus
762 1933 877 1990 tautam
899 1944 963 1988 rem
985 1945 1049 1990 sum
1070 1927 1199 2002 patriam
1220 1939 1312 1999 porro

155 2024 302 2085 inditiis.
348 2021 433 2086 Trin.
478 2021 520 2101 ΙΙ,
542 2027 572 2103 2,
597 2028 651 2089 73:
687 2027 718 2088 Is
741 2031 788 2088 est
811 2027 968 2105 innocuis,
998 2024 1068 2100 quoi
1090 2023 1165 2084 nihil
1192 2029 1240 2082 est
1262 2021 1313 2098 qul

154 2138 259 2184 munus
283 2121 424 2198 fungatur
446 2139 538 2184 suum.
583 2120 698 2202 Amph.
734 2120 778 2201 ΙΙ,
807 2126 837 2202 2,
869 2125 944 2186 197;
989 2128 1019 2182 11
1043 2121 1094 2197 qui
1115 2127 1239 2196 apsente
1262 2119 1313 2180 hia
1365 2159 1369 2170 ·

154 2237 259 2280 munus
282 2219 425 2294 iungatur
449 2225 539 2282 tuum.
574 2216 680 2283 Plaut.
701 2216 816 2299 fragm.
842 2215 1050 2282 Neruolariae
1073 2231 1103 2296 p.
1127 2219 1200 2293 482,
1222 2233 1252 2280 v.
1276 2217 1310 2292 ὃς

154 2335 241 2391 quom
263 2319 381 2377 moenia
400 2317 521 2377 aliunde
538 2334 592 2393 ego
604 2315 712 2394 iuugor
726 2335 801 2380 mea.
819 2314 968 2380 Taunum:
992 2315 1136 2391 ..Moenia
1149 2330 1206 2376 aaa
1220 2312 1309 2387 suedi

155 2416 206 2478 est
228 2429 286 2476 suo
309 2412 379 2488 loco
401 2419 500 2492 atque
523 2411 634 2478 ordine
654 2412 754 2476 vitam
776 2419 865 2477 recte
888 2418 922 2478 et
944 2415 981 2476 ut
1003 2411 1111 2490 decet,
1141 2406 1311 2474 tolerare.“

153 2508 226 2574 Can.
249 2509 288 2588 V,
311 2515 340 2586 3,
367 2516 422 2574 ll:
447 2512 560 2588 Ecquis
583 2519 629 2572 est
653 2513 704 2587 qui
725 2511 812 2572 homo
834 2529 939 2572 munus
963 2511 1036 2572 uelit
1058 2509 1185 2584 1111111.
1223 2503 1311 2570 Trin.

155 2607 237 2688 prol.
260 2625 289 2671 v.
315 2612 347 2671 1:
393 2610 525 2686 Sequere
548 2610 604 2670 hac
626 2625 688 2686 me,
725 2617 832 2686 gnata,
869 2614 903 2670 ut
924 2625 1032 2670 manue
1054 2605 1195 2680 scapulas
1217 2607 1312 2668 11111.

154 2703 251 2769 Μο11.
267 2702 293 2775 Ι,
311 2709 339 2784 1,
354 2709 417 2770 45:
440 2708 510 2768 Sine
533 2723 580 2767 me
606 2707 729 2767 allatum
750 2705 833 2781 iungi
855 2703 991 2766 fortunas
1006 2721 1097 2766 meas.
1113 2698 1310 2766 Menaechm.

153 2801 180 2882 Ι,
206 2808 233 2882 1,
256 2807 289 2867 5:
334 2806 410 2865 Nam
443 2806 594 2880 parasitus
628 2811 697 2867 octo
733 2821 839 2865 munus
872 2803 1020 2864 hominum
1050 2800 1140 2861 facile
1169 2797 1311 2876 iungitur.

154 2899 243 2964 Asin.
285 2897 342 2976 IV,
364 2904 393 2980 2,
418 2905 450 2965 3:
497 2909 570 2978 aput
605 2903 729 2962 amicam
762 2920 868 2962 munus
899 2899 1117 2961 adulescentuli
1150 2891 1313 2970 Fungare?

155 2996 269 3078 Arnph.
293 2996 318 3078 Ι,
345 3002 372 3077 1,
396 3002 452 3062 23;
477 3001 534 3074 Qui
557 3000 643 3062 hodie
667 2999 775 3060 inerim
798 3000 884 3076 liber,
907 2999 985 3058 Eum
1007 3013 1085 3057 nuuc
1100 2995 1209 3072 petiuit
1223 2998 1313 3068 pater

156 3098 317 3170 servitutis,
339 3111 368 3158 v.
392 3092 524 3161 Taubm.
548 3095 658 3175 (potire
672 3121 715 3152 =
730 3095 878 3182 aliquem
899 3091 947 3158 rei
970 3093 1148 3172 compotem
1163 3085 1310 3168 reddere,

154 3191 344 3273 participem
368 3189 498 3274 lacere).
542 3192 624 3259 Rud.
646 3194 703 3274 IV,
732 3199 761 3273 2,
791 3197 824 3256 6:
848 3209 923 3269 quae
947 3227 986 3241 -
1010 3191 1132 3252 Piscatu
1159 3204 1235 3248 novo
1257 3201 1310 3270 ‚me

156 3293 241 3353 uberi
265 3291 431 3366 conpotiuit
483 3289 771 3372 Rud.1v,e‚10:
807 3293 885 3352 Nam
912 3289 969 3350 hoc
998 3289 1040 3348 mi
1065 3287 1125 3349 hau
1151 3286 1193 3346 eit
1215 3282 1312 3366 labori

156 3391 286 3452 nouem
301 3389 379 3448 auae
389 3389 494 3462 potiri.
513 3386 664 3469 audiv,
681 3393 709 3468 3,
726 3393 781 3453 73:
797 3391 874 3449 Hinc
889 3393 922 3447 tu
932 3387 991 3446 uisi
1005 3387 1114 3446 malum
1128 3381 1255 3443 frunisci
1268 3381 1313 3441 nil

155 3492 253 3565 potes.
281 3483 375 3548 Truc.
398 3483 436 3564 V,
461 3490 557 3550 v.10:
581 3490 677 3551 Puero
698 3492 787 3564 opust
807 3487 914 3560 cibum,
937 3501 1011 3559 opus
1034 3487 1080 3543 est
1102 3484 1201 3541 autem
1222 3475 1313 3538 matri

158 3581 217 3662 (sic
240 3580 345 3658 Both..
381 3582 467 3664 vulg.
499 3587 589 3646 matri
616 3588 727 3659 autem)
762 3600 837 3660 quae
875 3597 1000 3657 puerum
1032 3579 1115 3658 lavit,
1151 3571 1208 3640 ubi
1239 3589 1312 3638 cum

156 3678 321 3746 Schellero
354 3697 487 3762 gramm.
525 3698 555 3760 p.
580 3684 643 3748 384
680 3697 719 3744 cx
753 3677 959 3760 sequentibus
996 3678 1104 3738 iubeat
1138 3671 1180 3738 ad
1215 3673 1312 3736 eldaa

155 3780 263 3843 mente
284 3775 463 3844 addendum
486 3795 556 3844 esse
578 3783 666 3858 puto.
709 3775 777 3842 Mil.
810 3775 872 3856 III,
899 3780 927 3856 1,
950 3777 1006 3840 28:
1044 3777 1120 3837 Eum
1149 3771 1242 3849 pudet
1263 3785 1312 3832 me

156 3879 212 3940 tibi
233 3879 264 3938 iu
295 3884 420 3938 senecta
444 3879 564 3940 obicere
592 3877 833 3939 sollicitudiuem.
875 3871 992 3937 Pseud.
1029 3871 1055 3946 I,
1078 3876 1107 3947 3,
1129 3871 1187 3933 45:
1224 3869 1312 3930 Hune

155 3977 259 4052 pudet,
284 3977 364 4050 quod
386 3978 441 4036 tibi
458 3977 620 4052 promissit.
643 3991 672 4037 v.
694 3977 749 4037 47:
772 3975 839 4035 Non
863 3973 980 4034 dedisse
1003 3972 1102 4030 istunc
1123 3969 1236 4044 pudet:
1252 3980 1311 4056 *ma

155 4073 307 4156 quianon
331 4074 549 4151 accepipiget.
590 4088 619 4136 v.
646 4073 721 4136 136:
757 4071 875 4148 Ecquid
897 4079 927 4130 te
949 4066 1063 4146 pudet?
1098 4062 1194 4129 Poen.
1217 4059 1255 4140 V,
1282 4065 1312 4140 5,

156 4171 212 4232 261
250 4171 357 4246 ecquid
379 4180 410 4233 te
431 4171 548 4247 pudet?
583 4167 672 4236 Pera.
695 4165 756 4243 ΙΙΙ,
781 4171 808 4252 3,
834 4171 890 4234 19:
913 4168 994 4226 uilue
1017 4170 1048 4224 te
1070 4161 1187 4240 pudet?
1224 4157 1311 4222 Trin.

155 4264 266 4346 111,a,
291 4271 347 4345 35:
376 4270 470 4332 semul
492 4287 538 4332 me
560 4286 670 4349 perum
691 4267 806 4345 pudere
828 4271 859 4326 te
880 4265 974 4342 piget.
1017 4256 1112 4326 Truc.
1134 4255 1177 4340 Π,
1201 4261 1230 4338 2,
1254 4257 1310 4344 25ε
