3058 4766
467 256 556 297 casus
571 256 839 300 BURBUNTIVOBUH.
855 275 879 286 -
893 257 996 298 ABLAT.
1246 268 1306 326 145

154 431 269 514 gratie.
308 428 378 496 Aut.
400 429 462 511 111,
489 436 519 511 2,
543 437 598 497 21:
627 435 697 510 qnid
719 440 767 494 est
786 450 848 506 puro
867 435 1008 510 prohibes
1030 453 1109 496 nuno
1129 435 1231 508 pratia
1253 453 1308 497 noa

155 547 285 607 coquere
309 529 358 590 bio
381 532 524 592 ooeuam?

240 625 313 692 Hue
344 624 448 692 refero
481 628 577 694 etiam
611 645 683 692 enm
718 627 910 706 ablativum,
944 645 1037 706 qoem
1072 626 1239 695 Sobulrius
1272 628 1307 700 in

155 742 286 806 granum.
304 723 358 788 lat
375 742 404 804 p.
421 729 484 788 128
501 727 688 788 ttmttuttoatr
703 723 852 804 appellat,
876 724 931 806 qui
947 723 1135 805 plerumque
1157 724 1308 808 explicari

152 827 262 904 potest
278 839 337 902 per
365 824 444 898 quod
465 824 637 892 3113331311,
660 821 727 888 sive
747 825 867 884 rutiom
889 825 993 885 babitu
1012 824 1141 885 utetur
1161 826 1215 898 rei,
1239 822 1307 888 eive

155 921 250 986 etiam
269 937 326 1000 per
347 919 615 1000 praepositionem
638 922 797 983 secuudum
818 930 960 998 sequente
987 917 1177 984 aecusativo.
1200 920 1307 986 linem

155 1017 302 1084 Ruddim.
341 1037 371 1098 p.
396 1021 457 1082 263
487 1016 639 1082 nonnullo
660 1017 755 1082 huius
777 1017 905 1098 generis
931 1018 971 1083 ad
994 1016 1168 1082 ablativum
1191 1034 1308 1084 causae

155 1115 276 1181 retulit.
304 1115 410 1181 Plaut.
434 1113 499 1178 Mil.
522 1113 582 1194 111,
609 1121 636 1195 l,
661 1118 715 1180 36:
743 1118 850 1192 pernix
871 1117 1158 1191 motibusmotibus
1179 1118 1306 1180 mobilis.

157 1212 271 1279 Bacch.
306 1211 371 1292 111,
398 1216 507 1289 1,12;
545 1215 648 1290 Neque
677 1216 735 1276 mei
764 1232 860 1291 neque
887 1217 932 1275 tui
957 1216 1008 1275 ted
1036 1216 1116 1275 intus
1142 1216 1308 1290 puditumst

155 1315 244 1387 suetis
267 1330 342 1388 quoe
357 1312 443 1388 lueis,
467 1307 498 1372 h.
515 1327 540 1374 e.
563 1310 649 1388 quod
670 1309 786 1374 attinet
809 1310 850 1376 ad
863 1308 958 1388 fautu,
982 1328 1064 1390 qnae
1077 1309 1166 1386 lauis.
1190 1310 1305 1378 Bacch.

155 1409 208 1488 IV,
231 1414 261 1488 8,
286 1414 340 1474 35:
372 1411 434 1470 Tuo
450 1410 605 1469 arbitratu.
651 1413 680 1488 9,
704 1411 761 1473 67:
790 1419 858 1471 tuus
878 1412 933 1472 tibi
955 1429 1057 1472 servos
1085 1415 1134 1470 ruo
1156 1412 1307 1472 arbitratu

154 1512 273 1572 serviat.
319 1505 359 1584 V,
381 1509 411 1584 2,
434 1508 469 1568 8:
499 1508 569 1568 Sine
591 1524 646 1568 auo
668 1525 759 1584 usque
783 1509 941 1571 arbitratu.
985 1505 1072 1570 Trin.
1093 1505 1147 1583 IV,
1171 1511 1200 1584 2,
1225 1511 1306 1571 148:

154 1608 319 1682 vapulabis
340 1622 403 1666 meo
425 1607 575 1666 arbitrato
598 1613 629 1666 et
651 1623 791 1668 novorum
814 1609 964 1668 aedilium.
1011 1603 1128 1670 Pseud.
1147 1604 1173 1682 Ι,
1197 1609 1226 1683 3,
1250 1610 1305 1670 tt:

155 1708 247 1766 Dite
272 1705 403 1780 deaeque
431 1712 531 1763 ament
559 1707 606 1764 vel
625 1704 712 1764 huius
741 1705 875 1764 uotum
897 1707 943 1765 vel
965 1721 1035 1764 meo.
1081 1701 1106 1780 1,
1130 1708 1160 1782 5,
1186 1708 1240 1767 13:
1274 1704 1307 1764 st

152 1821 216 1864 meo
238 1803 386 1862 arbitratu
409 1802 507 1862 liceat.
552 1798 594 1878 ΙΙ,
619 1804 647 1878 2,
671 1802 725 1864 661
755 1803 817 1862 Tuo
839 1803 995 1864 arbitratu.
1041 1799 1123 1864 Men.
1147 1798 1172 1879 Ι,
1198 1804 1225 1878 1,
1253 1806 1305 1864 lb:

153 1905 213 1964 Suo
236 1902 391 1961 arbitratu.
436 1896 519 1961 Men.
557 1896 599 1976 V,
624 1902 657 1975 5,
681 1901 734 1962 46:
774 1917 839 1960 meo
862 1902 1016 1961 arbitratu.
1062 1897 1156 1962 Most.
1186 1897 1251 1972 ΙΙΙ,
1276 1903 1306 1978 2,

156 2002 232 2064 106;
254 2007 359 2074 speeta
381 2002 544 2073 terensque
567 1998 726 2058 arbitratu.
749 1993 837 2060 Pers.
861 1994 917 2075 IV,
939 2001 969 2074 4,
996 2000 1050 2059 17:
1075 2006 1127 2058 tuo
1148 1998 1304 2059 arbitratu.

153 2096 241 2161 Pers.
267 2114 297 2157 v.
314 2098 400 2158 600:
434 2097 493 2156 Suo
516 2096 672 2156 arbitratu.
717 2092 815 2158 Stich.
852 2112 881 2158 v.
907 2098 965 2158 39:
1000 2113 1066 2156 meo
1088 2097 1187 2156 auimo
1209 2089 1304 2172 (uoti).

154 2189 291 2279 genulfi),
323 2192 399 2256 item
422 2189 448 2269 I,
472 2196 501 2270 3,
530 2195 570 2254 30
593 2195 625 2255 et
647 2189 731 2256 Men.
754 2189 797 2269 ΙΙ,
824 2197 852 2270 1,
875 2196 904 2256 2.
949 2190 1032 2256 Men.
1056 2189 1081 2267 Ι,
1105 2195 1135 2270 3,
1160 2195 1198 2255 11
1206 2211 1213 2256 :
1243 2209 1305 2254 meo

155 2296 270 2370 quidem
295 2293 403 2365 333111,
426 2288 501 2352 item
525 2288 623 2353 Mero.
646 2287 687 2366 Π,
711 2293 740 2367 2,
763 2294 814 2352 43.
850 2287 946 2355 Stich.
971 2289 1007 2352 V.
1035 2294 1062 2367 l,
1087 2293 1117 2354 l:
1141 2292 1225 2350 More
1249 2292 1305 2350 boe

153 2393 188 2452 fir
209 2400 298 2466 atque
322 2389 412 2449 stulte
434 2406 499 2447 oreo
520 2389 672 2463 sententio,
696 2385 768 2464 uod)
792 2384 904 2450 meimet
926 2381 1094 2469 3111331119.
1118 2385 1200 2450 Men.
1224 2384 1249 2464 Ι,
1275 2391 1302 2466 1,

154 2492 187 2552 5;
209 2506 276 2550 meu
298 2487 415 2563 quidem
438 2488 587 2546 sententio.
612 2483 708 2549 Mero.
732 2483 775 2564 Π,
799 2490 827 2559 3,
852 2490 907 2548 58:
930 2503 996 2546 mea
1018 2487 1176 2545 sententia.
1205 2482 1303 2547 Mero.

151 2585 194 2664 Π,
220 2591 249 2662 3,
275 2588 350 2647 113:
387 2585 455 2654 Non
475 2590 562 2657 potes
581 2591 614 2643 tu
630 2585 689 2657 leye
708 2585 841 2644 vendere
866 2587 949 2645 illem
972 2580 1055 2658 (nod)
1079 2583 1143 2644 bem
1168 2577 1301 2662 (betete).

152 2685 281 2748 Terent.
306 2679 363 2744 Ad.
386 2679 411 2757 1,
436 2684 465 2758 2,
490 2681 545 2742 46:
575 2680 697 2741 Notiora
717 2689 750 2741 tu
771 2683 817 2742 illi
839 2689 925 2756 pater
949 2699 990 2753 es,
1012 2681 1142 2740 masiliis
1164 2699 1227 2755 ego.
1253 2679 1302 2743 Ib.

152 2782 177 2860 Ι,
196 2783 299 2859 1,40:
322 2782 416 2840 Errat
439 2780 526 2854 longe
549 2795 615 2836 meo
637 2779 754 2853 quidem
775 2780 919 2838 seu-leutio
942 2780 1000 2851 Qui
1022 2779 1095 2840 cett
1117 2774 1243 2839 Phorm.
1259 2774 1301 2855 11,
1411 2833 1413 2838 .

153 2887 181 2955 2,
206 2883 260 2943 2οε
304 2880 393 2938 Alere
418 2879 521 2936 nolunt
544 2877 690 2937 bominem
713 2878 847 2950 ederem,
878 2885 910 2937 at
932 2878 1052 2950 sapiunt
1072 2893 1138 2935 oreo
1158 2876 1303 2935 sententio

153 2981 229 3042 cett.
254 2975 311 3038 nd.
335 2973 388 3052 IV,
413 2977 441 3042 5,
465 2976 519 3036 17:
549 2975 605 3034 llio
628 2991 710 3034 mens
733 2975 844 3034 amiens
868 2975 912 3035 illi
932 2980 1066 3048 ponerent
1088 2991 1256 3048 proxumus.

237 3072 381 3138 Pertinet
402 3069 463 3135 huo
486 3070 582 3134 etium
605 3087 644 3134 ee
665 3069 795 3134 ablativi
815 3069 1007 3134 substantivi
1030 3066 1166 3134 verbalis
1187 3065 1300 3147 forma,

152 3189 235 3252 qnae
261 3169 357 3251 vulgo
378 3170 517 3244 supinum
538 3171 571 3228 to
592 3189 614 3231 o
636 3171 734 3230 extors
755 3167 880 3246 dicitnr,
903 3166 958 3246 qui
980 3166 1138 3230 ablativus
1153 3163 1300 3246 plurimis

152 3269 184 3334 in
207 3267 287 3333 luris
315 3272 366 3332 est
391 3265 454 3330 abl.
478 3265 683 3331 limitationis,
728 3265 822 3330 Ennii
849 3264 950 3329 annal.
979 3263 999 3328 l.
1021 3263 1097 3338 Vll,
1125 3261 1241 3342 ir.10,
1269 3281 1299 3328 v.

152 3371 230 3432 245:
254 3369 333 3430 bona
353 3367 443 3430 dieto.
485 3363 586 3428 Plaut.
609 3361 681 3427 033.
703 3361 741 3441 V,
764 3367 794 3442 2,
818 3365 854 3426 6:
882 3365 1009 3426 ridicula
1030 3363 1153 3432 3311131,
1179 3365 1297 3425 iterata

150 3463 246 3529 Poen.
269 3463 296 3543 Ι,
319 3468 349 3544 2,
373 3468 430 3528 293
453 3465 560 3524 Modus
583 3465 717 3524 omuibus
739 3465 837 3535 rebus,
862 3479 955 3534 soror,
976 3463 1125 3536 negotium
1148 3469 1298 3538 optumum

152 3563 336 3642 hommum
374 3561 466 3626 Truo.
488 3559 532 3638 Π,
559 3566 585 3635 l,
611 3562 667 3622 12:
695 3563 738 3620 ita
759 3577 881 3634 aequom
905 3557 1066 3630 soobost.'⁹l
1100 3556 1197 3622 Stich.
1220 3556 1245 3636 Ι,
1269 3562 1300 3638 2,

155 3663 206 3723 lt:
230 3669 278 3724 set
300 3663 364 3722 buo.
379 3663 451 3722 milti
474 3668 625 3735 optumum
647 3657 730 3730 foebo
751 3658 890 3718 arbitror.
928 3652 993 3719 Mil.
1018 3653 1060 3734 ΙΙ,
1086 3662 1113 3733 l,
1137 3660 1191 3722 23:
1218 3661 1300 3735 quiet

152 3777 235 3822 amur
257 3761 343 3824 eatur
360 3765 513 3834 optumus,
546 3754 577 3820 h.
600 3773 626 3818 e.
655 3753 709 3832 qni
738 3751 779 3818 ad
807 3751 972 3818 colendum
1000 3758 1049 3816 est
1075 3754 1228 3833 optimus,
1261 3763 1300 3818 nt

151 3853 231 3934 ert-pl.
254 3855 398 3920 Lindem.
420 3852 535 3918 Pseud.
559 3852 585 3932 Ι,
602 3857 630 3930 2,
647 3857 701 3916 tt:
725 3855 810 3914 Nune
833 3853 908 3914 adeo
931 3854 987 3913 hoo
1009 3851 1123 3925 foeteret
1136 3861 1297 3928 optumum.

222 4084 256 4147 ¹¹¹)
277 4081 322 4138 Sio
338 4082 428 4138 Herm.
448 4083 524 4138 elem.
546 4082 570 4137 d.
591 4097 626 4136 m.
651 4099 678 4150 p.
697 4083 749 4136 296
779 4089 891 4136 secutus
910 4078 1041 4134 Relatum.
1073 4080 1165 4149 Vulgo
1193 4079 1298 4134 Motus

151 4165 276 4218 omuibus
295 4166 325 4218 tu
344 4165 433 4234 retus,
452 4182 540 4232 soror,
559 4170 698 4232 optumum
716 4169 756 4218 est
772 4163 877 4216 babitu.
898 4161 952 4216 Sed
969 4163 1000 4216 tu
1018 4161 1096 4216 abest
1113 4178 1131 4216 3
1149 4160 1225 4216 codd.

221 4259 255 4322 Ι1)
274 4258 319 4312 113
331 4259 401 4328 vulg.
416 4269 444 4314 et
461 4260 552 4314 Herm.
565 4258 641 4313 elem.
656 4257 682 4311 d.
694 4274 728 4310 m.
742 4275 768 4327 p.
784 4261 841 4312 155.
862 4256 945 4311 Coto.
959 4272 1012 4312 seo.
1032 4257 1296 4324 Parenmfuetvomet.

203 4347 286 4394 lionae,
300 4347 411 4397 syntaxis.
439 4349 456 4388 1.
1044 4354 1082 4408 10
