3040 4758
452 267 540 308 OASUS
555 265 823 308 SUBS'I'ANTIVORUH.
838 287 863 298 -
877 267 1016 308 norimus.
1276 281 1295 338 2
1301 281 1320 342 3

156 458 259 516 pacm,
287 459 342 502 nec
367 445 471 503 meluit
494 459 678 518 quemquam.
722 439 765 519 11,
788 444 818 520 2,
842 444 900 506 36:
933 445 1029 506 Pudet
1051 443 1116 504 nil?
1139 440 1205 518 (int.
1230 449 1318 518 eum).

155 535 284 602 Phorm.
307 536 363 618 IV,
387 542 422 616 3,
447 543 500 604 39:
538 541 631 600 Immo
659 543 768 601 malum
795 541 911 602 hercle:
945 548 978 602 ut
1008 543 1054 602 nil
1075 542 1184 615 podet!
1227 539 1265 619 V,
1289 547 1319 620 9,

158 638 212 698 5³:
242 637 294 696 Nil
316 638 452 711 pudere?
495 635 555 714 Ill,
580 640 608 714 3,
632 640 686 700 21:
721 639 838 712 Quaere
861 638 1002 700 obsecro:
1032 638 1151 714 Nequid
1172 640 1240 713 plus
1263 641 1316 702 ni·

156 750 249 794 nusve
273 731 357 807 faxit,
381 735 460 806 qaod
478 753 532 795 nos
554 742 624 810 post
638 736 750 809 pigeat,
773 737 859 796 Geta.

242 828 418 895 Videamus
445 831 587 909 reliqua,
621 831 758 910 primum
790 835 886 894 decet.
932 830 1035 894 Plaut.
1065 831 1179 912 Amph.
1210 832 1258 910 ΙΙ,
1290 837 1320 911 2,

160 929 236 990 189;
269 929 508 1000 lentescente,
538 931 617 1004 quod
643 937 675 989 tu
697 931 865 1005 insimulas,
900 937 1002 992 nostro
1025 933 1128 1005 generi
1154 949 1213 992 uon
1234 931 1321 994 decet.

157 1021 217 1102 ΠΙ,
241 1028 270 1102 4,
294 1028 349 1089 24:
379 1029 430 1088 lbo
451 1028 545 1094 intro,
568 1035 704 1088 ornatum
728 1029 842 1104 capiam
866 1030 918 1102 qai
941 1029 1020 1102 potis
1043 1027 1129 1088 decet.
1175 1023 1271 1090 Most.
1294 1023 1321 1105 I,

160 1126 189 1198 3,
214 1125 254 1184 10
277 1118 444 1200 (Scheller.
469 1140 600 1204 gramm.
625 1123 679 1186 lat.
702 1141 732 1202 p.
757 1127 847 1200 255);
883 1127 1076 1200 contempla,
1107 1125 1226 1198 amabo,
1256 1141 1323 1185 meu

160 1220 295 1295 Scapha,
325 1219 414 1281 satiu'
437 1223 509 1281 haec
531 1239 577 1281 me
600 1223 688 1282 ccede
710 1222 816 1283 demut.
862 1221 956 1286 Most.
974 1220 1003 1299 Ι,
1026 1225 1059 1299 3,
1084 1225 1157 1284 125:
1178 1220 1322 1296 Agedum,

159 1323 331 1393 contempla
347 1337 450 1381 aurum
471 1326 502 1380 et
516 1322 637 1395 pullum,
661 1319 749 1380 satin’
771 1322 843 1382 haec
858 1339 904 1382 me
924 1321 1031 1388 dccccl,
1055 1320 1180 1394 Scapha.
1224 1316 1323 1382 Mero.

159 1411 191 1491 Ι,
221 1418 334 1493 1,78:
370 1419 420 1476 ilde
443 1417 521 1476 Mem
543 1418 651 1476 decere.
694 1415 808 1480 Pseud.
833 1417 888 1496 IV,
916 1421 948 1495 l,
973 1420 1014 1480 24
1037 1414 1151 1490 (Rudd.
1176 1433 1207 1494 p.
1231 1411 1322 1492 207):

160 1513 213 1572 Set
235 1514 313 1587 vide,
336 1518 459 1576 eructas
481 1517 529 1574 iric
552 1517 648 1575 satine
672 1533 717 1575 me
740 1516 894 1574 condecet?
931 1513 997 1576 Mil.
1011 1513 1053 1591 Π,
1069 1517 1098 1591 2,
1115 1515 1170 1576 65;
1193 1529 1323 1587 propere

161 1612 214 1670 hoe
237 1629 295 1670 uon
317 1612 437 1686 placide
460 1613 546 1674 decet.
590 1610 681 1675 Adde
705 1614 796 1674 lubet.
812 1611 940 1676 Terent.
956 1610 1083 1675 Phorm.
1096 1608 1133 1685 V,
1156 1613 1186 1687 8,
1210 1612 1264 1672 88;
1288 1611 1324 1670 Iu

161 1710 207 1768 ius
228 1726 340 1769 eamus.
374 1707 439 1770 PH.
465 1713 499 1770 lu
522 1710 589 1770 ius?
612 1712 678 1783 huc,
705 1710 803 1782 siquid
824 1711 908 1770 ludet.
931 1707 1035 1772 Plaut.
1055 1707 1169 1789 Amph.
1182 1707 1207 1785 I,
1224 1711 1252 1785 3,
1268 1712 1324 1772 45:

161 1808 281 1880 Eamne,
306 1807 500 1882 Amphitruo:
525 1807 641 1868 lucescit
661 1808 714 1868 lvoc
728 1808 787 1866 iarn
803 1804 922 1882 (Senot.
938 1804 1014 1870 Min.
1031 1823 1061 1884 p.
1076 1807 1159 1880 266).
1192 1802 1284 1868 Cure.
1297 1803 1323 1882 Ι,

161 1908 189 1980 3,
214 1905 272 1965 26;
303 1906 378 1964 Nam
401 1905 454 1966 doc
475 1907 593 1980 quidem
617 1905 724 1979 edepol
740 1905 798 1964 hau
818 1907 910 1964 multo
929 1912 999 1979 post
1021 1907 1087 1964 luce
1110 1905 1223 1966 lacebit.
1257 1900 1323 1967 Mil.

160 1999 202 2077 Π,
228 2004 257 2077 2,
282 2004 337 2063 63;
361 2004 443 2062 lucet
465 2003 530 2062 hoc.
566 1999 694 2065 Terent.
712 1999 828 2064 Heaut.
844 1999 902 2079 111,
929 2006 956 2079 l,
983 2005 1014 2064 1:
1036 2003 1171 2062 Luascd
1185 2003 1238 2061 doc
1253 2003 1322 2062 iam.

248 2115 277 2174 4.
302 2108 366 2173 Sed
391 2127 454 2174 non
478 2109 579 2174 solum
603 2109 740 2175 subiecti
764 2127 858 2175 casus
881 2128 952 2174 esse
971 2113 1080 2189 potest
1100 2109 1324 2191 nominativus,

162 2223 274 2270 verum
297 2207 456 2270 etiamad
479 2207 715 2287 praedicatum,
750 2206 780 2270 h.
805 2225 831 2270 e.
855 2207 987 2272 verbum
1011 2207 1242 2272 enunciationie
1267 2225 1324 2271 no·

163 2303 335 2368 minativus
358 2303 476 2383 epponi
505 2309 626 2383 potest,
661 2305 716 2383 qui
743 2309 900 2384 congruat
928 2323 999 2368 cum
1029 2303 1222 2369 nominativo
1250 2304 1326 2368 sub·

166 2401 251 2465 iect'.
296 2401 367 2465 Hoc
386 2407 444 2465 aut
466 2402 512 2466 ita
534 2398 601 2465 fieri
623 2406 745 2482 potest,
769 2406 805 2464 ut
828 2402 1059 2481 praedicatum,
1089 2401 1174 2480 quod
1196 2399 1324 2480 dieitur,

166 2499 231 2563 sive
260 2497 395 2562 verbum
418 2499 566 2578 apposito
588 2498 715 2564 demum
737 2498 793 2562 illo
816 2499 1009 2564 nominativo
1032 2500 1160 2580 plenum
1189 2501 1222 2562 et
1242 2498 1323 2562 iute-

165 2614 259 2676 grum
281 2592 347 2674 fiat,
371 2595 447 2676 quia
469 2593 708 2676 significationis
731 2601 781 2660 est
802 2602 867 2659 tam
888 2597 1058 2676 generalis
1081 2599 1118 2659 ut
1138 2596 1207 2660 siue
1222 2593 1323 2658 nomi·

164 2693 272 2757 nativo
295 2691 349 2757 illo
372 2692 497 2757 adiecto
520 2692 648 2772 plenam
673 2692 863 2758 sententiam
886 2711 950 2757 non
972 2691 1105 2771 efficiat,
1140 2698 1197 2756 aut
1218 2691 1264 2756 ite
1286 2694 1324 2754 ut

164 2789 398 2870 appositionem
421 2795 545 2854 tantum
577 2789 696 2854 efficiat
717 2790 853 2855 subiecti
883 2789 1096 2853 nominativus
1122 2788 1177 2852 ille
1204 2789 1245 2852 ad
1268 2787 1322 2852 de-

166 2884 338 2951 liniendum
362 2891 395 2952 et
417 2887 596 2952 subiectum
619 2891 653 2951 et
674 2887 894 2968 praedicatum
918 2885 1111 2965 accuratius,
1132 2885 1189 2950 sed
1211 2903 1323 2951 secun·

167 2983 257 3048 daria
271 2989 396 3049 tautum
413 2985 537 3048 ratione
553 2985 682 3050 additus
698 2989 732 3049 et
746 2984 849 3048 laxius
861 2983 1126 3064 compraedicata
1139 2981 1321 3049 cohaerens.

166 3080 259 3146 Prior
281 3099 358 3145 usus
381 3081 568 3146 nominativi
590 3088 641 3148 est
662 3082 847 3148 notissimus
870 3080 940 3160 ille,
975 3081 1029 3145 ubi
1052 3084 1226 3160 usurpatur
1248 3097 1322 3144 con·

168 3179 294 3244 iunctus
317 3197 388 3244 cum
412 3179 518 3244 verbis
541 3197 612 3249 esse,
646 3183 728 3254 fieri,
763 3185 889 3244 etcum
912 3178 1046 3260 passivis
1075 3180 1185 3248 uidem
1218 3179 1321 3240 coemi

164 3279 330 3346 nominari,
349 3279 515 3352 perdideri,
542 3280 693 3347 caudari,
716 3280 842 3352 reperiri
864 3276 915 3342 vel
937 3275 1048 3341 similis
1071 3273 1321 3356 significationis

166 3373 245 3438 earo
260 3374 297 3438 R.
324 3375 360 3439 R.
377 3392 402 3438 c.
420 3379 453 3437 6:
484 3378 541 3450 Qui
563 3379 647 3437 loeus
669 3377 738 3436 vino
761 3378 889 3450 optimus
913 3377 1021 3437 dicitur
1045 3392 1110 3436 esse
1135 3383 1166 3436 et
1187 3382 1321 3438 ostentus

165 3474 228 3534 soli.
274 3472 369 3535 Ennii
395 3471 606 3551 Epicharmus
628 3471 666 3535 lr.
691 3477 723 3534 7:

248 3607 320 3666 Istic
344 3613 390 3665 est
412 3609 438 3666 is
460 3607 603 3682 Iuppiter,
629 3625 715 3682 quem
738 3609 814 3681 dico,
839 3624 924 3682 quern
948 3606 1057 3666 Graeci
1081 3612 1188 3666 vocant

251 3708 375 3764 Aerem:
401 3706 453 3779 qui
475 3713 580 3765 ventus
602 3710 649 3764 est
671 3709 701 3764 et
724 3706 834 3765 nubes:
862 3705 957 3763 imber
979 3709 1086 3777 postea

249 3805 349 3877 Atque
373 3819 410 3860 ex
431 3802 524 3861 imbre
547 3801 656 3878 frigus:
680 3808 785 3862 ventus
807 3809 877 3876 post
898 3801 941 3873 fit,
965 3807 1018 3859 atr
1041 3801 1145 3859 denuo.

249 3901 351 3960 Haece
375 3909 499 3975 propter
521 3901 657 3973 luppiter
681 3905 748 3958 snut
770 3900 830 3957 ista
853 3915 927 3972 quae
952 3898 1017 3956 dico
1041 3897 1104 3969 tibi,

253 3997 398 4069 Quoniam
421 4000 555 4058 mortalis
578 4004 666 4071 atque
690 3997 779 4056 nrbes
804 3996 964 4069 beluasque
988 3995 1082 4052 omnis
1104 3995 1193 4053 iuvat.

164 4139 258 4206 Ennii
273 4140 445 4206 Ambracia
458 4139 497 4206 fr.
517 4146 548 4204 1:
571 4161 626 4217 per
642 4148 746 4217 gentes
763 4157 829 4200 esse
847 4141 966 4200 cluebat
986 4140 1114 4198 omnium
1129 4138 1322 4198 miserrimus.

164 4237 259 4302 Ennii
288 4242 387 4303 satur.
410 4239 470 4304 iue.
494 4238 564 4302 libr.
586 4237 625 4302 fr.
648 4243 682 4300 4:
717 4239 781 4296 Hoc
810 4239 868 4296 erit
896 4239 950 4296 libi
973 4242 1176 4309 argumentum
1203 4245 1321 4304 semper
