3058 4766
189 217 252 274 120
620 203 771 245 SUBSTANT.
790 203 854 244 GAP.
868 203 909 244 Ill.

188 379 270 459 Ι,3,
301 383 374 444 146;
406 382 503 440 Panlo
528 385 596 455 post
623 382 726 456 magis.
770 377 826 455 IV,
849 383 879 456 4,
909 379 984 440 aet
1006 378 1040 438 6:
1075 377 1133 436 hau
1158 375 1252 434 malta
1272 379 1375 447 post.

188 477 275 541 Men.
298 495 326 540 v.
353 480 450 541 1132:
481 480 584 539 maltis
606 479 694 538 annis
708 482 778 550 post
803 493 889 552 quem
922 475 1089 549 conspicor.
1134 469 1230 534 Most.
1253 469 1296 548 Π,
1320 475 1349 550 2,

154 587 161 598 “
193 579 246 639 1οῑ
270 579 411 638 Triennio
434 583 514 651 post.
557 573 658 638 Marc.
680 573 723 651 ΙΙ,
749 579 778 652 1,
804 577 858 635 1οε
876 576 945 646 post
967 572 1045 632 haud
1067 571 1167 632 mnlto.

277 690 302 736 a.
341 673 466 737 Deinde
489 672 649 737 ablativus
672 669 873 735 differentiae
896 666 1043 746 sequitur
1066 665 1162 730 etiam
1181 664 1294 743 verba,
1316 664 1350 728 in

191 769 307 849 quibus
323 769 532 850 comparativi
547 769 703 848 quaedam
724 767 813 830 notio
832 766 919 829 inest
938 769 972 827 et
991 781 1073 844 quae
1094 768 1132 826 ut
1151 761 1349 841 vocabulum,

190 867 275 945 quod
305 866 517 931 differentiam
551 865 713 946 exprimit,
747 863 897 940 addatur,
929 860 1104 941 postulant.
1147 857 1347 924 Naeuia]

192 963 401 1028 Tarentillae:
432 973 543 1041 quanto
565 999 608 1008 -
631 970 762 1040 superat.
807 959 909 1022 Plaut.
925 956 1041 1022 Bacch.
1064 976 1093 1020 v.
1110 965 1144 1022 7:
1169 961 1279 1019 Verum
1301 960 1350 1017 hic

191 1063 310 1124 Ulixem
332 1065 425 1122 malm
448 1065 624 1124 adulescens
655 1063 766 1122 antidit
793 1062 857 1132 (um
881 1054 1000 1132 nieles).
1046 1055 1131 1120 Trin.
1153 1054 1197 1134 II,
1220 1062 1250 1133 4,
1276 1059 1349 1118 145;

194 1165 242 1219 set
257 1160 405 1234 Campans
422 1178 514 1234 genus
526 1162 625 1222 Multo
642 1163 783 1220 Surorum
800 1160 859 1218 iam
875 1155 986 1214 antidit
998 1158 1183 1229 patientiam.
1222 1151 1348 1232 Fragm.

193 1254 322 1318 Addiati
343 1273 373 1333 p.
391 1260 454 1319 475
477 1255 592 1319 Gron.:
616 1259 697 1332 Opus
721 1256 823 1316 facere
845 1253 937 1312 nimio
961 1269 1048 1326 quam
1071 1254 1201 1313 dormire
1223 1253 1348 1312 mavolo.

193 1349 284 1430 (lapi.
307 1351 367 1430 III,
397 1358 426 1430 3,
457 1359 490 1416 1:
524 1357 611 1416 Nunc
633 1357 703 1414 illut
725 1361 784 1426 est,
813 1369 900 1426 quom
923 1365 969 1408 me
993 1347 1085 1410 fuisse
1109 1369 1195 1425 quam
1217 1368 1283 1410 esse
1304 1350 1351 1408 ni-

192 1452 251 1509 mio
272 1452 419 1512 mavelim.
459 1449 574 1515 Pseud.
592 1449 617 1528 Ι,
634 1454 663 1528 2,
681 1455 735 1512 75:
755 1454 797 1510 dt
811 1457 914 1509 taceas
934 1447 1015 1504 malo
1031 1448 1123 1506 mnlto
1145 1467 1233 1524 quam
1248 1455 1349 1507 tacere

192 1549 285 1608 dicas.
303 1546 344 1625 ΙΙ,
368 1553 398 1623 4,
423 1552 478 1612 38:
501 1552 594 1610 multo
607 1551 733 1610 mavolo.
757 1545 852 1608 Most.
868 1543 894 1622 Ι,
912 1551 941 1624 3,
959 1545 1013 1604 22;
1037 1552 1129 1608 multo
1141 1550 1229 1607 malo.
1252 1543 1350 1606 Mero.

192 1641 236 1722 Π,
253 1649 281 1721 3,
297 1647 354 1709 83;
376 1647 475 1705 Malta
495 1649 611 1721 edepol,
635 1649 660 1707 si
675 1648 746 1721 quid
761 1645 971 1720 faciundumst,
995 1646 1096 1707 iacere
1114 1647 1213 1706 damni
1227 1643 1350 1702 mavolo.

278 1741 308 1803 d.
344 1740 424 1803 Tum
451 1740 514 1805 huc
540 1741 684 1821 pertinet
711 1741 872 1806 ablativus
900 1745 999 1817 copiae
1027 1745 1060 1806 et
1086 1744 1211 1817 inopiae.
1256 1735 1351 1802 Ennii

193 1836 297 1900 annal.
320 1836 341 1900 l.
365 1836 422 1915 IX,
445 1835 482 1900 ir.
508 1844 542 1902 5:
577 1841 716 1900 Naoibns
738 1841 895 1914 emplebant
921 1859 989 1901 sese
1017 1848 1173 1916 terresque
1194 1839 1351 1914 emanant.

194 1932 289 1996 Ennii
301 1933 524 1999 Andromacha
539 1935 754 2000 Aeahmalotis
776 1933 814 1999 tr.
833 1941 861 2014 9,
884 1954 913 2000 v.
932 1942 1006 2000 114:
1028 1937 1110 1998 Arce
1131 1947 1162 1998 et
1183 1939 1257 1996 nrbe
1280 1935 1352 1994 orba

194 2051 269 2094 sum.
309 2030 534 2096 Andromedae
548 2031 586 2096 fr.
606 2039 660 2098 13:
683 2053 757 2110 ager
771 2037 903 2108 oppletas
917 2037 1054 2096 imbrium
1070 2033 1219 2096 Fremitu.
1257 2031 1352 2095 Alex·

194 2127 287 2190 andri
303 2126 340 2191 fr.
354 2133 384 2205 6,
404 2147 432 2191 v.
446 2132 487 2192 89
503 2146 564 2207 sq.:
587 2131 654 2192 fera
675 2133 902 2192 velivolantibns
916 2134 1055 2194 Naaibns
1076 2133 1228 2206 complebit
1248 2147 1351 2190 manus

194 2228 294 2286 litora.
339 2225 506 2290 Phoenicis
527 2225 566 2291 fr.
593 2233 647 2290 ll:
682 2237 771 2304 pater
794 2249 840 2290 me
864 2233 975 2290 lamine
997 2231 1121 2291 orbavit.
1166 2227 1309 2291 Saturar.
1331 2222 1350 2285 l.

197 2320 257 2399 ΠΙ,
279 2320 318 2385 fr.
341 2331 372 2402 4,
393 2343 422 2388 v.
449 2329 500 2388 13:
536 2329 660 2387 arbores
682 2331 767 2386 vento
788 2333 905 2387 oncant.
949 2325 1052 2391 Plaut.
1077 2323 1154 2389 Oist.
1176 2323 1219 2402 ΙΙ,
1246 2329 1273 2402 1,
1298 2327 1355 2385 57:

198 2423 307 2482 carebo
331 2423 403 2484 filia.
446 2420 543 2485 Poen.
567 2421 606 2500 V,
629 2428 659 2499 4,
689 2427 744 2484 16:
777 2427 892 2502 Qnibns
914 2444 1008 2486 annos
1029 2429 1137 2486 multos
1160 2424 1247 2485 carni
1269 2441 1356 2497 qnas-

198 2536 255 2592 que
278 2537 294 2578 e
316 2521 417 2594 patria
434 2537 543 2594 parvas
564 2521 692 2594 perdidi.
737 2520 825 2584 Asin.
847 2520 903 2600 IV,
929 2528 956 2600 1,
982 2525 1036 2585 56:
1065 2525 1134 2584 aino
1161 2523 1265 2596 viginti
1293 2521 1356 2579 dies

196 2617 239 2676 Ut
262 2625 373 2678 careat.
417 2614 511 2678 Most.
535 2614 577 2693 Π,
607 2621 638 2695 2,
661 2620 718 2681 69;
742 2622 804 2680 vita
826 2637 924 2681 careo.
968 2618 1024 2698 IV,
1051 2624 1247 2698 1,1:quom
1270 2617 1356 2690 cama

196 2718 307 2774 carent.
351 2713 423 2777 Aul.
446 2712 506 2792 ΙΙΙ,
536 2717 565 2791 6,
595 2717 650 2776 22ε
685 2717 712 2775 si
732 2719 802 2776 vino
823 2722 921 2778 scatet.
966 2717 1038 2781 Aul.
1061 2716 1120 2796 ΙΙΙ,
1150 2720 1178 2792 3,
1202 2718 1235 2777 6:
1269 2718 1354 2774 Tem·

196 2816 276 2886 peri:
304 2820 462 2887 postquam
482 2812 641 2884 implevisti
658 2813 734 2884 snati
748 2814 884 2875 fissorum
901 2823 997 2890 caput.
1043 2812 1114 2878 Cas.
1129 2812 1156 2890 Ι,
1175 2830 1204 2875 v,
1221 2816 1276 2876 35:
1300 2830 1355 2887 ego

196 2915 226 2968 tc
254 2910 369 2982 inplebo
396 2911 510 2984 stapris.
555 2907 652 2972 Merc.
675 2906 718 2986 II,
741 2914 771 2987 3,
795 2915 851 2974 74:
880 2914 1059 2987 Irmleantnr
1081 2916 1242 2987 alogiorum
1270 2927 1353 2970 meae

197 3005 278 3068 iores
307 3009 490 3068 carbonibns.
535 3003 648 3082 Amph.
671 3005 698 3083 l,
725 3012 752 3084 l,
779 3011 853 3070 100:
879 3011 958 3071 Telis
986 3011 1195 3084 complebantur
1218 3025 1352 3083 corpora.

195 3101 310 3166 Pseud.
327 3103 352 3181 I,
376 3109 404 3181 2,
430 3110 484 3168 57:
509 3105 584 3164 adeo
608 3111 642 3164 ut
662 3103 811 3176 framenta
833 3107 974 3179 adtbaam.
1018 3106 1104 3170 Pers.
1119 3105 1176 3183 IV,
1198 3110 1227 3184 3,
1244 3108 1277 3168 6:
1299 3108 1352 3166 At·
1381 3133 1390 3148 ·

196 3204 286 3260 ticam
309 3233 353 3244 -
374 3204 524 3263 civitatem
549 3233 587 3246 -
612 3204 687 3262 anei
708 3204 766 3262 aivi
787 3203 910 3276 femina.
953 3203 1009 3282 IV,
1034 3209 1063 3283 3,
1089 3209 1140 3267 15:
1163 3207 1226 3264 Iam
1249 3205 1354 3263 liberto

197 3297 329 3357 anctn's?
365 3297 463 3362 Mero.
480 3298 534 3377 IV,
553 3305 580 3373 1,
599 3303 653 3362 10:
674 3303 797 3376 Aliquid
821 3304 904 3376 cedo,
928 3302 988 3380 Qni
1009 3306 1098 3364 nicini
1121 3305 1198 3362 hanc
1221 3309 1352 3362 nostram

197 3411 322 3468 maneam
350 3413 441 3456 aram.
486 3395 557 3458 Aul.
584 3396 643 3474 111,
675 3401 704 3467 6,
733 3400 789 3461 61:
823 3400 953 3460 Dotatae
986 3404 1118 3462 nicotant
1147 3408 1179 3460 et
1211 3400 1290 3458 maio
1321 3404 1352 3456 et

196 3492 306 3550 damno
328 3494 421 3566 viros,
454 3491 486 3555 h.
508 3511 535 3556 e.
558 3493 660 3573 magis
683 3502 817 3574 augent,
845 3499 882 3558 ut
905 3496 989 3576 expl.
1010 3497 1191 3562 Lambinus.
1236 3492 1350 3572 Amph.

196 3587 252 3666 IV,
277 3591 306 3665 2,
332 3592 385 3651 14:
416 3593 486 3664 quia
508 3595 585 3652 enim
607 3601 637 3652 te
659 3597 755 3654 mnata
775 3594 951 3666 infortunio.
996 3593 1081 3657 Trin.
1097 3593 1152 3673 IV,
1174 3599 1203 3672 2,
1222 3598 1298 3656 151:
1321 3600 1350 3652 te

196 3691 292 3746 macto
313 3686 489 3758 infortunio.
534 3687 630 3752 Most.
647 3688 671 3764 Ι,
697 3694 724 3764 l,
749 3694 805 3753 58:
826 3695 892 3754 Nisi
907 3699 938 3752 te
953 3693 1035 3752 mala
1052 3709 1086 3752 re
1099 3709 1211 3766 maana
1224 3691 1352 3752 mactari

197 3787 291 3860 cupis.
336 3782 421 3847 Men.
436 3784 515 3863 prol.
538 3801 566 3848 v.
583 3790 638 3849 25:
661 3786 803 3848 armant
822 3793 918 3850 navim
933 3807 1068 3866 magnam
1082 3791 1185 3852 maltis
1198 3790 1351 3848 matiam

195 3879 309 3944 Pseud.
332 3898 361 3943 v.
383 3884 459 3944 588:
488 3885 561 3944 Inde
584 3901 631 3944 mc
654 3893 685 3944 et
707 3889 803 3945 semul
826 3889 990 3962 participes
1017 3890 1114 3949 omnis
1135 3905 1217 3948 meos
1232 3886 1352 3960 praem

196 3981 323 4038 canabo
345 3985 434 4054 atque
457 3981 584 4055 oppleto.
629 3979 671 4058 II,
692 3987 723 4059 4,
744 3987 793 4046 74.
815 3981 930 4046 Pseud.
947 3981 1002 4062 IV,
1028 3987 1055 4059 7,
1081 3989 1156 4048 13οε
1178 3989 1219 4045 At
1239 4003 1286 4046 me
1308 3984 1353 4043 oi-

193 4077 272 4150 emti
292 4079 412 4138 modieis
433 4080 573 4139 mattamt
593 4081 689 4140 miens.
738 4078 831 4144 Truc.
858 4079 912 4155 IV,
942 4084 971 4159 3,
1001 4085 1057 4145 70:
1087 4101 1188 4144 verum
1217 4085 1270 4142 boc
1296 4099 1349 4156 ego

195 4179 227 4231 ta
248 4175 380 4234 madaba
402 4178 474 4236 bom.
519 4175 647 4256 Fragm.
670 4177 766 4239 Acari
794 4177 934 4241 studium
961 4196 991 4257 p.
1015 4184 1078 4244 475
1106 4178 1220 4244 Gron.:
1256 4182 1349 4254 Quam
