3040 4758
605 1288 973 1389 Summarium.

213 1467 325 1542 Sectio
360 1469 481 1558 prima.
538 1470 700 1562 Syntaxis
729 1467 1039 1559 substantivorum,
1070 1469 1360 1558 praepositionum

602 1589 705 1672 atque
727 1584 975 1673 pronominum.

719 1763 869 1775 n-——u-u

298 1863 322 1928 Ι.
357 1865 580 1931 substantiva.
627 1866 703 1948 Cap.
736 1865 768 1932 I:
807 1865 930 1933 Notio
964 1867 1295 1932 substantivorum
1332 1886 1362 1947 p.

216 1981 329 2042 1-15.
362 1981 388 2040 1.
423 1976 607 2059 Singulares
638 1978 782 2044 notiones
812 1996 870 2059 pro
894 1976 1113 2058 generalibus,
1143 1977 1286 2058 inprimis
1308 1977 1363 2042 ab·

215 2089 336 2152 straeta
362 2106 419 2168 pro
446 2089 602 2154 concretis
630 2108 661 2170 p.
691 2093 782 2155 1-6.
800 2094 840 2152 2.
868 2085 1061 2168 significatio
1093 2087 1257 2153 collectiva
1278 2107 1308 2168 p.
1334 2092 1362 2151 6.

215 2201 242 2262 3.
267 2195 432 2263 Generalis
455 2202 487 2262 et
509 2199 656 2280 specialis
679 2196 918 2298 significationis
935 2199 1034 2264 subst.
1049 2198 1133 2263 inter
1148 2217 1182 2262 se
1199 2199 1364 2264 coniuncta

213 2307 260 2374 ita
290 2311 326 2373 ut
353 2308 490 2374 alterum
516 2309 606 2374 iuxta
633 2309 769 2374 alterum
796 2314 936 2391 ponatur
961 2329 991 2390 p.
1022 2314 1039 2373 6
1068 2327 1113 2390 sq.
1144 2313 1173 2374 4.
1198 2309 1363 2376 Generalis

214 2421 301 2485 notio
324 2439 395 2484 eum
417 2418 545 2500 speciali
569 2421 601 2485 in
624 2420 762 2502 genitivo
785 2420 889 2502 posita
912 2420 1079 2485 coniuncta
1094 2438 1125 2500 p.
1142 2427 1161 2485 7
1177 2439 1222 2501 sq.
1247 2426 1274 2486 5.
1300 2421 1364 2502 Ap·

215 2532 331 2612 positio
354 2531 527 2612 syntaetiea
550 2551 579 2613 p.
604 2537 623 2595 8
647 2550 693 2612 sq.
717 2535 745 2596 6.
769 2531 951 2613 Singulares
965 2532 1113 2597 notiones
1128 2551 1162 2597 se
1175 2535 1364 2597 eorvvertunt

214 2641 245 2706 in
267 2639 521 2722 significationes,
544 2642 743 2722 quae-latius
765 2647 877 2724 patent
898 2661 929 2724 p.
953 2647 971 2708 9
989 2661 1034 2723 sq.
1071 2650 1099 2708 7.
1124 2641 1363 2708 Substantivnm

214 2770 286 2817 oum
313 2751 451 2816 ablativo
479 2751 559 2817 alius
583 2753 774 2818 substantivi
796 2753 828 2816 in
850 2771 944 2817 unam
967 2753 1127 2816 notionem
1151 2751 1360 2815 eoninnetum.

213 2861 359 2944 Hyphen.
397 2861 637 2929 substantivum
681 2864 736 2928 alii
780 2863 978 2927 substantivo
1022 2881 1092 2927 cum
1127 2860 1361 2943 praepositione

215 2973 381 3038 coniuncto
412 2975 563 3039 additum.
608 2973 811 3038 Constructio
840 2972 1112 3038 substantivorum
1134 2971 1308 3036 verbalium
1330 2991 1360 3054 p.

217 3089 348 3148 10—15.
387 3082 462 3164 Cap.
486 3083 532 3147 lI:
569 3084 771 3147 Numerus
793 3079 1155 3146 substantivorum
1176 3101 1206 3162 p.
1227 3087 1360 3148 15—19.

217 3201 243 3258 1.
275 3194 450 3274 Singularis
480 3190 710 3272 significatione
740 3191 904 3257 collectiva
933 3210 963 3272 p.
990 3196 1027 3256 15
1050 3210 1095 3272 sq.
1134 3198 1162 3258 2.
1186 3192 1360 3274 Singularis

215 3322 273 3387 pro
296 3303 411 3384 plurali
433 3323 463 3384 p.
490 3307 537 3368 16.
575 3308 603 3368 2.
619 3303 705 3368 Usns
720 3301 851 3382 pluralis
867 3322 895 3384 p.
918 3309 964 3368 16.
1002 3309 1032 3368 4.
1047 3303 1185 3368 Pluralis
1201 3304 1359 3368 nominum

216 3414 418 3497 propriorum
448 3434 478 3496 p.
506 3420 542 3480 16
573 3432 618 3494 sq.
665 3412 852 3480 11111111
876 3416 914 3480 de
938 3432 1000 3479 uno
1023 3433 1051 3496 p.
1078 3421 1125 3479 17.
1172 3419 1201 3480 6.
1224 3415 1361 3480 Pluralis

214 3527 374 3591 nominum
389 3526 631 3591 abstractarum.
670 3525 785 3590 Gratia
801 3529 834 3589 et
849 3526 971 3606 gratiae
987 3545 1015 3606 p.
1037 3530 1168 3591 17-19,
1204 3525 1277 3606 Cap.
1294 3526 1360 3590 III:

216 3637 345 3702 (lasus
375 3636 737 3702 substantivorum
759 3655 788 3718 p.
816 3641 967 3703 19-340,
1011 3636 1047 3701 Α.
1071 3636 1361 3702 Nominativus

216 3752 256 3814 et
270 3747 490 3814 vocativus
504 3765 534 3828 p.
548 3751 680 3813 20-34.
706 3754 732 3812 1.
742 3747 961 3813 Nominativus
977 3767 1069 3814 casus
1084 3748 1301 3827 nominandip.
1312 3751 1360 3811 20.

217 3863 246 3924 2.
269 3857 361 3923 Nom.
384 3876 441 3938 pro
465 3857 608 3923 vocativo
630 3878 660 3939 p.
685 3863 724 3923 20
748 3876 793 3939 sq.
832 3863 860 3924 3.
880 3858 1100 3924 Nominativus
1116 3876 1208 3925 casus
1225 3858 1359 3922 subiecti

215 3969 399 4035 coniunctus
423 3987 494 4034 eum
516 3969 622 4034 verbis
637 3969 902 4051 impersonalibus
917 3988 947 4049 p.
965 3973 1099 4037 21-23.
1137 3967 1356 4036 1111111111-

215 4098 273 4146 vus
303 4080 489 4145 eoniunetus
512 4098 583 4145 cum
605 4081 788 4162 praedicato
810 4099 839 4161 p.
865 4085 999 4145 23-28.
1039 4086 1066 4146 5.
1089 4079 1173 4146 Usus
1196 4079 1360 4144 anomalus

215 4191 399 4256 nominativi
427 4209 457 4273 p.
489 4195 622 4256 28-30.
669 4196 695 4255 6.
726 4190 897 4256 Vocativus
928 4190 995 4255 sine
1024 4190 1297 4257 interiectionibus
1326 4194 1360 4252 et

121 4362 122 4366 ,
215 4303 399 4371 coniunctus
442 4321 513 4370 aum
550 4300 823 4370 interiectionibus
858 4321 888 4384 p.
927 4307 1061 4369 30-32.
1122 4309 1149 4368 7.
1186 4300 1358 4368 vocativus
