3064 4754
222 262 284 321 202
657 253 814 296 wllfflll'f.
830 253 893 297 ΟΔΡ.
909 253 949 296 111.

223 429 264 487 ad
283 443 322 490 ex
343 425 443 491 verbo
464 427 542 489 dabo
564 426 708 508 pendens
728 427 935 494 dimotionem
957 425 1049 508 quusi
1076 425 1118 490 ad
1132 423 1323 506 Sagarinum
1346 427 1382 488 et

224 528 346 590 mourut
370 521 412 592 ad
433 521 523 590 illum
544 523 663 590 foetum
692 525 855 606 exprimet.
900 523 1030 590 Terent.
1053 522 1170 588 Heeut.
1193 521 1232 601 V,
1261 526 1291 602 2,
1323 525 1379 586 26:

222 625 278 685 tlbl
299 625 359 684 iam
381 639 450 684 esse
471 621 513 682 od
532 641 662 685 cererem
683 627 840 700 intellego,
868 641 897 686 v.
920 621 1066 702 interptt.
1090 655 1134 666 —
1156 625 1184 685 2.
1208 619 1298 685 Haec
1319 617 1381 683 loci

222 714 413 800 significatio
434 717 511 783 item
534 718 729 786 transfertur
749 720 792 786 ed
813 725 950 801 empus,
972 719 1020 784 ite
1039 727 1074 782 ut
1089 716 1288 800 sigmdeetur
1306 733 1381 797 pro·
1501 725 1502 774 l

222 816 385 897 pinquitas
406 816 563 896 temporis
582 817 748 884 minsdum
764 837 835 884 cum
856 835 894 884 eo
916 822 1070 899 tempore,
1096 833 1159 896 quo
1174 815 1258 881 ectio
1273 813 1381 894 aliqua
1501 849 1502 856 κ

222 911 268 978 fit.
306 911 387 980 eote
401 913 438 978 B.
453 913 491 979 it
508 931 534 979 o.
553 919 607 980 1⁷:
630 919 681 978 ubi
703 918 862 980 solstitium
885 915 978 978 fuerit
1000 916 1041 975 aa
1062 917 1207 978 brumam.
1250 909 1285 976 C.
1300 916 1375 976 105:

224 1013 277 1072 Ae
297 1027 350 1073 uer
370 1012 526 1075 diffunditu
547 1015 579 1074 in
602 1015 770 1090 ampliores.
813 1013 917 1080 Pluut.
938 1012 1054 1078 Pseud.
1070 1011 1124 1094 IV,
1149 1019 1177 1092 7,
1201 1015 1256 1076 78;
1281 1014 1377 1073 altero
1501 1009 1502 1061 ἶ

223 1108 289 1184 (int.
312 1107 377 1184 die)
400 1111 441 1172 od
459 1112 621 1172 meridiem.

310 1209 362 1270 45.
397 1206 594 1270 Aaronem
615 1227 682 1270 oum
697 1212 975 1286 praepositionem
996 1210 1176 1270 eoowndee.
1222 1211 1250 1270 l.
1273 1208 1316 1267 Iro
1338 1203 1382 1270 si-

224 1299 356 1383 gnificet
375 1299 496 1382 uliquid
516 1303 564 1367 itu
585 1305 626 1369 ed
645 1305 748 1371 locum
775 1306 907 1386 moveri,
928 1312 967 1371 ut
988 1307 1021 1370 in
1043 1304 1111 1369 eius
1133 1301 1223 1386 fines,
1247 1303 1316 1370 sive
1337 1303 1383 1368 illi

223 1399 389 1482 planitiem
411 1400 569 1481 eumdem
592 1399 660 1468 sive
683 1402 818 1468 solidum
842 1421 958 1485 eorpus
980 1399 1160 1482 includunt,
1183 1401 1295 1482 intret,
1316 1403 1382 1468 sive

225 1504 276 1565 est
295 1515 413 1564 revere
434 1498 525 1565 locus
549 1499 616 1565 eive
644 1501 765 1582 aliquid
787 1501 1005 1583 metaphorice
1032 1517 1092 1581 pro
1119 1500 1189 1564 loco
1216 1499 1381 1583 accipitur.

224 1597 291 1661 Lex
312 1594 437 1661 Numae
461 1613 513 1677 ep.
533 1596 667 1664 Festum
689 1617 717 1663 v.
742 1603 843 1677 opime
864 1605 974 1679 spolie:
1007 1605 1042 1663 iu
1063 1605 1171 1666 Martis
1198 1619 1288 1666 oram
1315 1615 1381 1661 ceo·
1502 1645 1503 1653 .

227 1698 298 1756 dito.
342 1693 453 1758 Livius
469 1694 671 1761 Andronicus
685 1696 834 1778 Aegisthi
848 1696 888 1763 ir.
905 1704 939 1762 7:
962 1703 1049 1777 Ipsus
1072 1720 1104 1763 se
1125 1702 1160 1761 ie
1180 1707 1293 1761 terrem
1315 1716 1382 1760 sau·
1502 1723 1503 1740 ¹

226 1796 289 1854 eius
311 1794 389 1869 digit
412 1794 533 1855 cedens.
577 1791 677 1857 Naev.
692 1792 828 1875 Lyeurg.
850 1793 888 1860 ir.
906 1801 938 1861 7:
962 1799 1113 1860 sublimen
1135 1801 1211 1860 alios
1232 1799 1267 1856 ie
1288 1797 1384 1857 saites
1502 1821 1503 1862 z

224 1893 349 1952 inlicite.
394 1886 433 1952 fr.
459 1889 520 1954 inc.
549 1893 631 1970 trag.
655 1893 691 1954 6:
728 1895 759 1952 in
790 1901 916 1956 montes.
961 1893 1148 1960 Gleuooma:
1186 1897 1265 1972 quod
1287 1895 1324 1954 de
1347 1910 1383 1952 eo

230 1987 357 2062 opsonio
379 1988 455 2048 Stilo
477 1989 518 2048 mi
538 1985 573 2048 bt
594 2005 717 2048 meeum
737 1994 871 2068 pupugit.
916 1991 1014 2057 Naev.
1030 1991 1197 2074 Lycurgus
1217 1989 1256 2055 fr.
1274 1995 1304 2070 b,
1328 1993 1383 2053 27:

225 2087 267 2144 ite
293 2091 427 2148 actutum
454 2085 489 2144 to
516 2085 703 2158 madescens
731 2089 813 2150 bees.
858 2087 958 2154 Neev.
987 2089 1165 2172 Iphigenia:
1199 2108 1288 2166 passo
1315 2090 1382 2150 velo

224 2183 355 2245 etenum
376 2183 477 2257 aquilo
498 2183 533 2242 io
548 2187 672 2256 eorm
694 2203 763 2282 oras
785 2185 874 2248 ierat.
906 2186 1019 2252 Naevii
1036 2185 1272 2252 Andromache:
1298 2186 1382 2260 Quod

226 2286 274 2354 tu,
302 2281 343 2339 mi
365 2286 469 2357 gnate,
502 2297 613 2354 quaeso
635 2289 669 2341 nt
689 2283 724 2341 te
744 2291 850 2359 pectus
880 2292 962 2346 tuum
984 2288 1149 2360 Demittns,
1179 2293 1328 2359 tamquam
1351 2283 1384 2340 ie

224 2378 359 2449 seeum
374 2378 579 2439 vindemiator.
603 2376 703 2444 Neev.
715 2377 787 2444 bell.
807 2379 886 2446 Pun.
903 2381 922 2447 l.
938 2382 964 2464 1,
987 2380 1026 2448 ir.
1038 2389 1059 2448 4
1073 2381 1224 2447 Vahlen:
1247 2382 1287 2441 Ei
1302 2380 1382 2464 yenit
1503 2390 1504 2412 .

223 2475 257 2533 ee
269 2479 393 2534 meotem
408 2473 556 2536 boninum
572 2475 718 2541 todonae.
730 2517 731 2522 κ
742 2475 762 2540 l.
779 2476 840 2558 ΙΙΙ,
862 2476 900 2543 fr.
917 2485 952 2545 3:
973 2484 1092 2543 Partem
1108 2481 1235 2542 exerciti
1248 2480 1283 2536 ie
1298 2491 1381 2550 ecee·
1503 2525 1504 2540 .

225 2571 365 2636 Mortem
387 2571 478 2636 ducit.
523 2568 603 2635 Cato
626 2571 662 2635 R.
685 2572 723 2638 R.
747 2592 772 2639 c.
796 2579 830 2638 b:
852 2582 934 2654 Ager
955 2611 999 2623 —
1020 2581 1070 2655 qui
1091 2580 1126 2638 tu
1146 2581 1264 2639 ventem
1287 2577 1384 2637 Fauo·

223 2668 308 2728 adom
330 2669 501 2744 specteblt..
532 2666 566 2732 O.
589 2675 645 2736 49:
678 2673 712 2732 io
733 2675 828 2735 cibem
849 2675 944 2737 lecum
972 2676 1147 2739 transferre.
1193 2671 1227 2737 Ο.
1251 2676 1285 2737 6:
1320 2674 1383 2733 sinc

227 2764 293 2826 sele
315 2767 350 2826 abe
369 2765 522 2838 ulefrobem
544 2771 674 2830 condito.
718 2767 753 2832 O.
775 2773 832 2834 43:
860 2773 954 2835 lecito
981 2775 1018 2834 de
1042 2775 1148 2835 scrobe
1172 2789 1249 2848 aque
1269 2771 1304 2829 ie
1325 2769 1385 2830 eol·

228 2881 295 2924 oem
317 2861 438 2924 defluat.
478 2861 514 2926 C.
531 2868 586 2928 66:
610 2867 723 2930 Caveat
744 2884 831 2943 qnam
854 2873 1005 2932 minimum
1027 2872 1060 2931 io
1082 2870 1278 2931 brectonum
1300 2876 1333 2928 et
1352 2868 1385 2926 te

225 2959 328 3020 eetlem
349 2963 527 3023 introeatur.
559 2958 592 3026 O.
609 2965 663 3026 67:
677 2982 780 3041 usque
804 2968 889 3042 adeo,
913 2969 1008 3030 donec
1029 2970 1064 3027 io
1084 2970 1182 3030 locum
1203 2967 1384 3042 peruenerit

229 3053 294 3121 nb:
322 3058 418 3120 donec
439 3059 474 3117 ire
493 3060 607 3120 &bom
628 3065 809 3135 peruenerit.
844 3060 878 3126 G.
904 3069 936 3128 1:
958 3067 992 3125 iu
1012 3065 1164 3126 orertdiem
1186 3069 1313 3140 spectet.
1350 3057 1384 3128 O.

228 3157 306 3217 ἰοῦ-ε
336 3156 384 3217 Ad
406 3173 460 3217 rer
482 3157 639 3218 diffundite
659 3159 695 3217 bt
715 3162 884 3234 amphoras.
928 3158 962 3225 G.
988 3166 1063 3226 111:
1093 3163 1125 3224 Si
1147 3165 1229 3227 voles
1252 3168 1331 3227 scire
1352 3165 1386 3224 io

225 3249 328 3311 metm
349 3253 451 3317 addita
473 3255 513 3314 sit
535 3271 591 3316 nec
613 3273 661 3319 ne.
697 3254 734 3320 Ο.
753 3261 830 3320 llb:
854 3259 896 3318 Iu
916 3261 1020 3322 vinum
1041 3265 1170 3322 mosem
1191 3266 1303 3324 veretri
1326 3261 1385 3324 otri

226 3351 407 3423 manipulum
431 3351 573 3412 eonileito
594 3353 628 3411 iu
650 3355 832 3427 coeptorum.
878 3353 1003 3421 &1611
1026 3361 1128 3435 Usque
1151 3361 1255 3421 licebit
1277 3362 1381 3432 velles,

228 3444 365 3506 donicum
381 3446 414 3504 io
427 3461 526 3508 acmen
547 3449 657 3511 videris
678 3452 732 3513 ire.
776 3451 872 3516 Ennii
887 3451 1055 3520 Phoenicis
1069 3452 1108 3518 fr.
1127 3459 1145 3519 7
1156 3478 1163 3520 ε
1185 3460 1220 3518 te
1240 3457 1386 3532 mendum

226 3545 365 3603 exwllas.
387 3539 426 3606 fr.
451 3547 507 3607 12:
529 3546 563 3604 ie
584 3549 679 3608 utitem
701 3549 840 3624 despexit
860 3570 952 3615 mooe.
965 3551 1070 3616 -Ennii
1082 3551 1238 3619 Hecubae
1247 3552 1287 3618 fr.
1302 3559 1337 3620 9:
1353 3556 1387 3616 io

225 3653 308 3720 pem
319 3669 365 3682 -
379 3641 498 3700 cedunt.
525 3639 621 3705 Ennii
635 3643 904 3711 Hectorislustra
917 3646 956 3712 fr.
972 3652 1002 3728 8,
1025 3668 1055 3713 v.
1072 3653 1148 3714 210:
1173 3655 1301 3714 contulit
1320 3668 1386 3714 seso

227 3736 262 3796 ie
276 3736 374 3810 pedes
418 3735 513 3800 Ennii
536 3738 637 3804 annal.
661 3740 722 3806 ino.
746 3741 831 3808 sedis
853 3741 975 3826 fragm:
992 3750 1050 3810 92:
1079 3749 1121 3808 Ie
1142 3749 1387 3823 mormorion

226 3841 258 3894 et
280 3834 319 3895 ed
341 3836 523 3899 incunabulo
544 3845 657 3900 nostra.
679 3836 719 3904 fr.
738 3844 812 3906 132:
835 3852 980 3920 urgentur
1000 3844 1034 3903 io
1055 3863 1158 3906 neom.
1180 3843 1219 3910 ir.
1235 3849 1270 3910 9:
1292 3854 1326 3907 et
1339 3847 1387 3908 Ti·

228 3929 312 3992 beria
333 3931 443 3993 flumen
465 3937 557 4006 vomit
577 3936 613 3994 ie
631 3953 715 4000 more
734 3939 855 4004 salum.
888 3938 928 4004 ir.
948 3943 1000 4004 18:
1023 3945 1165 4004 redinunt
1185 3944 1230 4003 In
1243 3944 1387 4017 pom

227 4025 322 4090 Ennii
336 4028 441 4096 annul.
458 4029 561 4111 XVII,
583 4029 621 4096 ir.
642 4039 676 4098 4:
698 4038 827 4098 Tollitur
840 4039 876 4096 r'o
889 4039 1003 4101 coelom
1017 4041 1131 4102 clamor
1147 4047 1271 4102 enorme
1284 4043 1386 4102 utrim·

226 4141 293 4200 qne.
326 4123 439 4190 dunel.
453 4125 514 4192 ino.
530 4128 615 4194 sedis
631 4129 743 4212 dogm.
759 4137 814 4197 77:
837 4137 977 4198 Pertulit
997 4138 1031 4198 ie
1051 4138 1139 4212 mus.
1173 4135 1271 4203 Ennii
1284 4135 1387 4203 annal.

225 4218 247 4282 l.
269 4219 326 4300 IV,
356 4219 395 4291 fr.
419 4227 453 4288 2:
487 4230 529 4286 At
550 4244 635 4302 sese,
666 4247 730 4292 sum
752 4229 794 4306 (h.
818 4247 845 4295 e.
869 4235 954 4306 euml
975 4252 1051 4310 quae
1074 4236 1193 4298 &derit
1213 4237 1247 4295 ie
1269 4237 1387 4298 luutuis
