<?xml version="1.0" encoding="UTF-8"?>
<!DOCTYPE html PUBLIC "-//W3C//DTD XHTML 1.0 Transitional//EN"
    "http://www.w3.org/TR/xhtml1/DTD/xhtml1-transitional.dtd">
<html xmlns="http://www.w3.org/1999/xhtml" xml:lang="en" lang="en">
 <head>
  <title>
</title>
<meta http-equiv="Content-Type" content="text/html;charset=utf-8" />
  <meta name='ocr-system' content='tesseract 3.04.00' />
  <meta name='ocr-capabilities' content='ocr_page ocr_carea ocr_par ocr_line ocrx_word'/>
</head>
<body>
  <div class='ocr_page' id='page_1' title='image "./syntaxispriscor01holtgoog_0416.png"; bbox 0 0 3004 4764; ppageno 0'>
   <div class='ocr_carea' id='block_1_1' title="bbox 396 289 1277 357">
    <p class='ocr_par' dir='ltr' id='par_1_1' title="bbox 396 289 1277 357">
     <span class='ocr_line' id='line_1_1' title="bbox 396 289 1277 357; baseline 0.001 -27"><span class='ocrx_word' id='word_1_1' title='bbox 396 292 423 335; x_wconf 85' lang='lat' dir='ltr'><strong>V.</strong></span> <span class='ocrx_word' id='word_1_2' title='bbox 444 291 611 332; x_wconf 68' lang='lat' dir='ltr'><strong>Pronomae</strong></span> <span class='ocrx_word' id='word_1_3' title='bbox 628 289 799 332; x_wconf 67' lang='lat' dir='ltr'><strong>[dussimus</strong></span> <span class='ocrx_word' id='word_1_4' title='bbox 814 291 852 332; x_wconf 80' lang='lat' dir='ltr'><strong>ET</strong></span> <span class='ocrx_word' id='word_1_5' title='bbox 866 290 1042 332; x_wconf 66' lang='lat' dir='ltr'><strong>numanatis.</strong></span> <span class='ocrx_word' id='word_1_6' title='bbox 1216 297 1277 357; x_wconf 70' lang='grc'><strong>399</strong></span> 
     </span>
    </p>
   </div>
   <div class='ocr_carea' id='block_1_2' title="bbox 125 461 1283 1233">
    <p class='ocr_par' dir='ltr' id='par_1_2' title="bbox 125 461 1283 1233">
     <span class='ocr_line' id='line_1_2' title="bbox 126 461 1283 548; baseline -0.001 -20"><span class='ocrx_word' id='word_1_7' title='bbox 126 483 162 528; x_wconf 92' lang='lat' dir='ltr'><strong>re</strong></span> <span class='ocrx_word' id='word_1_8' title='bbox 191 463 406 546; x_wconf 78' lang='lat' dir='ltr'><strong>disputantem</strong></span> <span class='ocrx_word' id='word_1_9' title='bbox 433 463 610 547; x_wconf 82' lang='lat' dir='ltr'><strong>Reisigium</strong></span> <span class='ocrx_word' id='word_1_10' title='bbox 637 483 668 548; x_wconf 91' lang='lat' dir='ltr'><strong>p.</strong></span> <span class='ocrx_word' id='word_1_11' title='bbox 693 469 754 531; x_wconf 77' lang='lat'><strong>338</strong></span> <span class='ocrx_word' id='word_1_12' title='bbox 777 481 838 547; x_wconf 78' lang='lat' dir='ltr'><strong>sp,</strong></span> <span class='ocrx_word' id='word_1_13' title='bbox 866 483 938 531; x_wconf 86' lang='lat' dir='ltr'><strong>cum</strong></span> <span class='ocrx_word' id='word_1_14' title='bbox 960 481 1023 545; x_wconf 88' lang='lat' dir='ltr'><strong>qno</strong></span> <span class='ocrx_word' id='word_1_15' title='bbox 1045 469 1152 532; x_wconf 88' lang='lat' dir='ltr'><strong>tamen</strong></span> <span class='ocrx_word' id='word_1_16' title='bbox 1174 461 1283 530; x_wconf 83' lang='lat' dir='ltr'><strong>confer</strong></span> 
     </span>
     <span class='ocr_line' id='line_1_3' title="bbox 127 559 1282 644; baseline 0.001 -17"><span class='ocrx_word' id='word_1_17' title='bbox 127 561 281 629; x_wconf 88' lang='lat' dir='ltr'><strong>Haasium</strong></span> <span class='ocrx_word' id='word_1_18' title='bbox 317 565 423 630; x_wconf 80' lang='lat' dir='ltr'><strong>adnot.</strong></span> <span class='ocrx_word' id='word_1_19' title='bbox 457 565 543 644; x_wconf 80' lang='lat' dir='ltr'><strong>sol),</strong></span> <span class='ocrx_word' id='word_1_20' title='bbox 575 579 657 643; x_wconf 84' lang='lat' dir='ltr'><strong>qnae</strong></span> <span class='ocrx_word' id='word_1_21' title='bbox 679 563 851 629; x_wconf 81' lang='lat' dir='ltr'><strong>etiamnum</strong></span> <span class='ocrx_word' id='word_1_22' title='bbox 879 563 1050 644; x_wconf 88' lang='lat' dir='ltr'><strong>conspicua</strong></span> <span class='ocrx_word' id='word_1_23' title='bbox 1078 561 1185 630; x_wconf 88' lang='lat' dir='ltr'><strong>estin</strong></span> <span class='ocrx_word' id='word_1_24' title='bbox 1211 559 1282 628; x_wconf 91' lang='lat' dir='ltr'><strong>loco</strong></span> 
     </span>
     <span class='ocr_line' id='line_1_4' title="bbox 125 659 1282 745; baseline -0.004 -16"><span class='ocrx_word' id='word_1_25' title='bbox 125 661 228 729; x_wconf 86' lang='lat' dir='ltr'><strong>Plaut.</strong></span> <span class='ocrx_word' id='word_1_26' title='bbox 252 661 343 745; x_wconf 85' lang='lat' dir='ltr'><strong>Gapt.</strong></span> <span class='ocrx_word' id='word_1_27' title='bbox 366 659 409 743; x_wconf 91' lang='grc' dir='ltr'><strong>ΙΙ,</strong></span> <span class='ocrx_word' id='word_1_28' title='bbox 433 668 462 741; x_wconf 88' lang='grc'><strong>3,</strong></span> <span class='ocrx_word' id='word_1_29' title='bbox 486 665 541 727; x_wconf 60' lang='grc'><strong>223</strong></span> <span class='ocrx_word' id='word_1_30' title='bbox 578 665 653 725; x_wconf 86' lang='lat' dir='ltr'><strong>Nam</strong></span> <span class='ocrx_word' id='word_1_31' title='bbox 676 669 763 740; x_wconf 86' lang='lat' dir='ltr'><strong>puter</strong></span> <span class='ocrx_word' id='word_1_32' title='bbox 785 671 924 740; x_wconf 83' lang='lat' dir='ltr'><strong>expectat</strong></span> <span class='ocrx_word' id='word_1_33' title='bbox 946 668 998 724; x_wconf 90' lang='lat' dir='ltr'><strong>ant</strong></span> <span class='ocrx_word' id='word_1_34' title='bbox 1018 679 1065 725; x_wconf 89' lang='lat' dir='ltr'><strong>me</strong></span> <span class='ocrx_word' id='word_1_35' title='bbox 1087 664 1282 739; x_wconf 87' lang='lat' dir='ltr'><strong>autaliquem</strong></span> 
     </span>
     <span class='ocr_line' id='line_1_5' title="bbox 127 755 1283 840; baseline -0.002 -16"><span class='ocrx_word' id='word_1_36' title='bbox 127 765 270 825; x_wconf 84' lang='lat' dir='ltr'><strong>nuntium.</strong></span> <span class='ocrx_word' id='word_1_37' title='bbox 314 757 393 826; x_wconf 83' lang='lat' dir='ltr'><strong>Onm</strong></span> <span class='ocrx_word' id='word_1_38' title='bbox 414 759 632 826; x_wconf 84' lang='lat' dir='ltr'><strong>numeralibus</strong></span> <span class='ocrx_word' id='word_1_39' title='bbox 655 760 855 826; x_wconf 89' lang='lat' dir='ltr'><strong>coniunctum</strong></span> <span class='ocrx_word' id='word_1_40' title='bbox 879 755 1140 840; x_wconf 88' lang='lat' dir='ltr'><strong>significationem</strong></span> <span class='ocrx_word' id='word_1_41' title='bbox 1163 762 1283 823; x_wconf 77' lang='lat' dir='ltr'><strong>circiter</strong></span> 
     </span>
     <span class='ocr_line' id='line_1_6' title="bbox 126 855 1279 940; baseline -0.003 -17"><span class='ocrx_word' id='word_1_42' title='bbox 126 855 249 940; x_wconf 87' lang='lat' dir='ltr'><strong>accipit.</strong></span> <span class='ocrx_word' id='word_1_43' title='bbox 295 857 347 925; x_wconf 85' lang='lat' dir='ltr'><strong>Sic</strong></span> <span class='ocrx_word' id='word_1_44' title='bbox 369 857 448 923; x_wconf 82' lang='lat' dir='ltr'><strong>Cato</strong></span> <span class='ocrx_word' id='word_1_45' title='bbox 471 857 508 923; x_wconf 86' lang='lat' dir='ltr'><strong>R.</strong></span> <span class='ocrx_word' id='word_1_46' title='bbox 532 857 568 922; x_wconf 87' lang='lat' dir='ltr'><strong>R.</strong></span> <span class='ocrx_word' id='word_1_47' title='bbox 593 875 619 924; x_wconf 88' lang='lat' dir='ltr'><strong>c.</strong></span> <span class='ocrx_word' id='word_1_48' title='bbox 644 859 719 925; x_wconf 78' lang='lat'>156:</span> <span class='ocrx_word' id='word_1_49' title='bbox 742 865 873 922; x_wconf 82' lang='lat' dir='ltr'><strong>comesto</strong></span> <span class='ocrx_word' id='word_1_50' title='bbox 895 861 998 934; x_wconf 78' lang='lat' dir='ltr'><strong>clipeo</strong></span> <span class='ocrx_word' id='word_1_51' title='bbox 1023 861 1057 923; x_wconf 82' lang='lat' dir='ltr'><strong>V.</strong></span> <span class='ocrx_word' id='word_1_52' title='bbox 1080 859 1164 935; x_wconf 76' lang='lat' dir='ltr'><strong>folio,</strong></span> <span class='ocrx_word' id='word_1_53' title='bbox 1187 857 1279 937; x_wconf 89' lang='lat' dir='ltr'><strong>adq.</strong></span> 
     </span>
     <span class='ocr_line' id='line_1_7' title="bbox 126 953 1280 1037; baseline 0.002 -18"><span class='ocrx_word' id='word_1_54' title='bbox 126 955 145 1019; x_wconf 89' lang='lat' dir='ltr'><strong>l.</strong></span> <span class='ocrx_word' id='word_1_55' title='bbox 176 953 310 1022; x_wconf 84' lang='lat' dir='ltr'><strong>Ursinus</strong></span> <span class='ocrx_word' id='word_1_56' title='bbox 343 956 445 1022; x_wconf 90' lang='lat' dir='ltr'><strong>locum</strong></span> <span class='ocrx_word' id='word_1_57' title='bbox 474 955 602 1021; x_wconf 83' lang='lat' dir='ltr'><strong>Catonis</strong></span> <span class='ocrx_word' id='word_1_58' title='bbox 633 955 718 1037; x_wconf 86' lang='lat' dir='ltr'><strong>apud</strong></span> <span class='ocrx_word' id='word_1_59' title='bbox 744 955 884 1020; x_wconf 88' lang='lat' dir='ltr'><strong>Nonium</strong></span> <span class='ocrx_word' id='word_1_60' title='bbox 912 955 965 1036; x_wconf 85' lang='lat' dir='ltr'><strong>(ex</strong></span> <span class='ocrx_word' id='word_1_61' title='bbox 991 953 1011 1021; x_wconf 92' lang='lat' dir='ltr'><strong>l.</strong></span> <span class='ocrx_word' id='word_1_62' title='bbox 1035 953 1081 1020; x_wconf 84' lang='lat' dir='ltr'><strong>iv</strong></span> <span class='ocrx_word' id='word_1_63' title='bbox 1104 955 1206 1036; x_wconf 85' lang='lat' dir='ltr'><strong>origg.</strong></span> <span class='ocrx_word' id='word_1_64' title='bbox 1231 971 1280 1034; x_wconf 88' lang='lat' dir='ltr'><strong>up.</strong></span> 
     </span>
     <span class='ocr_line' id='line_1_8' title="bbox 126 1052 1282 1136; baseline -0.001 -20"><span class='ocrx_word' id='word_1_65' title='bbox 126 1053 252 1118; x_wconf 86' lang='lat' dir='ltr'><strong>Iordan.</strong></span> <span class='ocrx_word' id='word_1_66' title='bbox 281 1071 312 1136; x_wconf 90' lang='lat' dir='ltr'><strong>p.</strong></span> <span class='ocrx_word' id='word_1_67' title='bbox 340 1059 392 1133; x_wconf 88' lang='grc'><strong>18,</strong></span> <span class='ocrx_word' id='word_1_68' title='bbox 416 1060 445 1127; x_wconf 85' lang='grc'><strong>7)</strong></span> <span class='ocrx_word' id='word_1_69' title='bbox 467 1052 561 1119; x_wconf 85' lang='lat' dir='ltr'><strong>effert</strong></span> <span class='ocrx_word' id='word_1_70' title='bbox 581 1054 678 1120; x_wconf 86' lang='lat' dir='ltr'><strong>hunc:</strong></span> <span class='ocrx_word' id='word_1_71' title='bbox 710 1055 893 1134; x_wconf 75' lang='lat' dir='ltr'><strong>faciundum,</strong></span> <span class='ocrx_word' id='word_1_72' title='bbox 915 1062 950 1118; x_wconf 90' lang='lat' dir='ltr'><strong>ut</strong></span> <span class='ocrx_word' id='word_1_73' title='bbox 972 1056 1205 1131; x_wconf 67' lang='lat' dir='ltr'><strong>quadringentos</strong></span> <span class='ocrx_word' id='word_1_74' title='bbox 1227 1053 1282 1116; x_wconf 77' lang='lat' dir='ltr'><strong>uli·</strong></span> 
     </span>
     <span class='ocr_line' id='line_1_9' title="bbox 129 1153 1283 1233; baseline -0.001 -19"><span class='ocrx_word' id='word_1_75' title='bbox 129 1171 201 1227; x_wconf 75' lang='lat' dir='ltr'><strong>quoe</strong></span> <span class='ocrx_word' id='word_1_76' title='bbox 227 1153 337 1216; x_wconf 86' lang='lat' dir='ltr'><strong>milites</strong></span> <span class='ocrx_word' id='word_1_77' title='bbox 364 1155 403 1216; x_wconf 89' lang='lat' dir='ltr'><strong>ad</strong></span> <span class='ocrx_word' id='word_1_78' title='bbox 423 1172 579 1217; x_wconf 85' lang='lat' dir='ltr'><strong>verrucam</strong></span> <span class='ocrx_word' id='word_1_79' title='bbox 600 1156 683 1215; x_wconf 89' lang='lat' dir='ltr'><strong>illam</strong></span> <span class='ocrx_word' id='word_1_80' title='bbox 705 1155 750 1214; x_wconf 90' lang='lat' dir='ltr'><strong>ire</strong></span> <span class='ocrx_word' id='word_1_81' title='bbox 772 1156 890 1233; x_wconf 89' lang='lat' dir='ltr'><strong>iubeas,</strong></span> <span class='ocrx_word' id='word_1_82' title='bbox 923 1171 1046 1231; x_wconf 86' lang='lat' dir='ltr'><strong>eamque</strong></span> <span class='ocrx_word' id='word_1_83' title='bbox 1069 1155 1112 1214; x_wconf 93' lang='lat' dir='ltr'><strong>nti</strong></span> <span class='ocrx_word' id='word_1_84' title='bbox 1135 1159 1283 1230; x_wconf 90' lang='lat' dir='ltr'><strong>occupent</strong></span> 
     </span>
    </p>
   </div>
   <div class='ocr_carea' id='block_1_3' title="bbox 20 1249 1283 1330">
    <p class='ocr_par' dir='ltr' id='par_1_3' title="bbox 20 1249 1283 1330">
     <span class='ocr_line' id='line_1_10' title="bbox 20 1249 1283 1330; baseline -0.001 -19"><span class='ocrx_word' id='word_1_85' title='bbox 20 1253 21 1262; x_wconf 78' lang='grc'>’</span> <span class='ocrx_word' id='word_1_86' title='bbox 126 1254 265 1328; x_wconf 90' lang='lat' dir='ltr'><strong>imperes.</strong></span> <span class='ocrx_word' id='word_1_87' title='bbox 310 1249 413 1316; x_wconf 85' lang='lat' dir='ltr'><strong>Plaut.</strong></span> <span class='ocrx_word' id='word_1_88' title='bbox 441 1249 526 1316; x_wconf 88' lang='lat' dir='ltr'><strong>Men.</strong></span> <span class='ocrx_word' id='word_1_89' title='bbox 555 1249 598 1330; x_wconf 88' lang='lat' dir='ltr'><strong>V,</strong></span> <span class='ocrx_word' id='word_1_90' title='bbox 630 1255 658 1330; x_wconf 82' lang='lat'><strong>5,</strong></span> <span class='ocrx_word' id='word_1_91' title='bbox 681 1254 738 1316; x_wconf 82' lang='lat'><strong>47:</strong></span> <span class='ocrx_word' id='word_1_92' title='bbox 781 1253 974 1315; x_wconf 88' lang='lat' dir='ltr'><strong>Hellaboram</strong></span> <span class='ocrx_word' id='word_1_93' title='bbox 996 1251 1115 1329; x_wconf 85' lang='lat' dir='ltr'><strong>potabis</strong></span> <span class='ocrx_word' id='word_1_94' title='bbox 1137 1249 1205 1313; x_wconf 81' lang='lat' dir='ltr'><strong>faxo</strong></span> <span class='ocrx_word' id='word_1_95' title='bbox 1227 1251 1283 1311; x_wconf 83' lang='lat' dir='ltr'><strong>uii-</strong></span> 
     </span>
    </p>
   </div>
   <div class='ocr_carea' id='block_1_4' title="bbox 125 1351 1279 1522">
    <p class='ocr_par' dir='ltr' id='par_1_4' title="bbox 125 1351 1279 1522">
     <span class='ocr_line' id='line_1_11' title="bbox 125 1351 421 1425; baseline 0.003 -15"><span class='ocrx_word' id='word_1_96' title='bbox 125 1367 199 1423; x_wconf 77' lang='lat' dir='ltr'><strong>poos</strong></span> <span class='ocrx_word' id='word_1_97' title='bbox 219 1351 326 1425; x_wconf 71' lang='lat' dir='ltr'><strong>marca</strong></span> <span class='ocrx_word' id='word_1_98' title='bbox 348 1351 421 1411; x_wconf 87' lang='lat' dir='ltr'><strong>dies.</strong></span> 
     </span>
     <span class='ocr_line' id='line_1_12' title="bbox 211 1442 1279 1522; baseline -0.003 -11"><span class='ocrx_word' id='word_1_99' title='bbox 211 1445 291 1512; x_wconf 82' lang='lat' dir='ltr'><strong>Cato</strong></span> <span class='ocrx_word' id='word_1_100' title='bbox 321 1445 357 1512; x_wconf 88' lang='lat' dir='ltr'><strong>R.</strong></span> <span class='ocrx_word' id='word_1_101' title='bbox 386 1445 423 1512; x_wconf 87' lang='lat' dir='ltr'><strong>R.</strong></span> <span class='ocrx_word' id='word_1_102' title='bbox 453 1465 479 1512; x_wconf 90' lang='lat' dir='ltr'><strong>c.</strong></span> <span class='ocrx_word' id='word_1_103' title='bbox 510 1450 589 1511; x_wconf 79' lang='lat'>157:</span> <span class='ocrx_word' id='word_1_104' title='bbox 616 1450 685 1510; x_wconf 88' lang='lat' dir='ltr'><strong>inde</strong></span> <span class='ocrx_word' id='word_1_105' title='bbox 713 1449 809 1522; x_wconf 69' lang='lat' dir='ltr'><strong>otique·</strong></span> <span class='ocrx_word' id='word_1_106' title='bbox 835 1451 955 1510; x_wconf 88' lang='lat' dir='ltr'><strong>morbus</strong></span> <span class='ocrx_word' id='word_1_107' title='bbox 985 1449 1126 1509; x_wconf 89' lang='lat' dir='ltr'><strong>nascitur.</strong></span> <span class='ocrx_word' id='word_1_108' title='bbox 1176 1442 1279 1509; x_wconf 81' lang='lat' dir='ltr'><strong>Plano.</strong></span> 
     </span>
    </p>
   </div>
   <div class='ocr_carea' id='block_1_5' title="bbox 19 1541 1280 1625">
    <p class='ocr_par' dir='ltr' id='par_1_5' title="bbox 19 1541 1280 1625">
     <span class='ocr_line' id='line_1_13' title="bbox 19 1541 1280 1625; baseline -0.001 -17"><span class='ocrx_word' id='word_1_109' title='bbox 19 1567 22 1608; x_wconf 84' lang='lat' dir='ltr'><strong>r</strong></span> <span class='ocrx_word' id='word_1_110' title='bbox 126 1543 210 1610; x_wconf 87' lang='lat' dir='ltr'><strong>Men.</strong></span> <span class='ocrx_word' id='word_1_111' title='bbox 233 1544 272 1624; x_wconf 88' lang='lat' dir='ltr'><strong>V,</strong></span> <span class='ocrx_word' id='word_1_112' title='bbox 295 1549 324 1625; x_wconf 89' lang='grc'><strong>2,</strong></span> <span class='ocrx_word' id='word_1_113' title='bbox 345 1551 400 1610; x_wconf 84' lang='lat'><strong>94:</strong></span> <span class='ocrx_word' id='word_1_114' title='bbox 437 1547 504 1607; x_wconf 88' lang='lat' dir='ltr'><strong>Nisi</strong></span> <span class='ocrx_word' id='word_1_115' title='bbox 526 1565 639 1622; x_wconf 89' lang='lat' dir='ltr'><strong>occupo</strong></span> <span class='ocrx_word' id='word_1_116' title='bbox 662 1547 783 1621; x_wconf 79' lang='lat' dir='ltr'><strong>aliquod</strong></span> <span class='ocrx_word' id='word_1_117' title='bbox 803 1548 874 1607; x_wconf 92' lang='lat' dir='ltr'><strong>mihi</strong></span> <span class='ocrx_word' id='word_1_118' title='bbox 897 1547 1061 1608; x_wconf 88' lang='lat' dir='ltr'><strong>consilinm.</strong></span> <span class='ocrx_word' id='word_1_119' title='bbox 1089 1541 1145 1621; x_wconf 91' lang='lat' dir='ltr'><strong>IV,</strong></span> <span class='ocrx_word' id='word_1_120' title='bbox 1161 1546 1280 1622; x_wconf 84' lang='lat'>2,111:</span> 
     </span>
    </p>
   </div>
   <div class='ocr_carea' id='block_1_6' title="bbox 126 1641 1279 1724">
    <p class='ocr_par' dir='ltr' id='par_1_6' title="bbox 126 1641 1279 1724">
     <span class='ocr_line' id='line_1_14' title="bbox 126 1641 1279 1724; baseline 0 -20"><span class='ocrx_word' id='word_1_121' title='bbox 126 1647 250 1719; x_wconf 81' lang='lat' dir='ltr'><strong>Aperite</strong></span> <span class='ocrx_word' id='word_1_122' title='bbox 274 1651 363 1720; x_wconf 88' lang='lat' dir='ltr'><strong>atque</strong></span> <span class='ocrx_word' id='word_1_123' title='bbox 386 1645 522 1705; x_wconf 81' lang='lat' dir='ltr'><strong>Erotium</strong></span> <span class='ocrx_word' id='word_1_124' title='bbox 544 1645 654 1718; x_wconf 67' lang='lat' dir='ltr'><strong>aliems</strong></span> <span class='ocrx_word' id='word_1_125' title='bbox 676 1653 808 1708; x_wconf 83' lang='lat' dir='ltr'><strong>evocate.</strong></span> <span class='ocrx_word' id='word_1_126' title='bbox 852 1642 943 1724; x_wconf 78' lang='lat' dir='ltr'><strong>Epio.</strong></span> <span class='ocrx_word' id='word_1_127' title='bbox 967 1641 1026 1720; x_wconf 91' lang='lat' dir='ltr'>III,</span> <span class='ocrx_word' id='word_1_128' title='bbox 1050 1646 1079 1720; x_wconf 86' lang='lat'><strong>3,</strong></span> <span class='ocrx_word' id='word_1_129' title='bbox 1105 1644 1157 1705; x_wconf 89' lang='lat'><strong>18:</strong></span> <span class='ocrx_word' id='word_1_130' title='bbox 1187 1645 1279 1718; x_wconf 90' lang='lat' dir='ltr'><strong>Heus,</strong></span> 
     </span>
    </p>
   </div>
   <div class='ocr_carea' id='block_1_7' title="bbox 18 1740 1281 2113">
    <p class='ocr_par' dir='ltr' id='par_1_7' title="bbox 18 1740 1281 2113">
     <span class='ocr_line' id='line_1_15' title="bbox 19 1740 1280 1822; baseline -0.003 -16"><span class='ocrx_word' id='word_1_131' title='bbox 19 1767 21 1806; x_wconf 74' lang='grc'><strong>1</strong></span> <span class='ocrx_word' id='word_1_132' title='bbox 125 1741 206 1802; x_wconf 85' lang='lat' dir='ltr'><strong>fores</strong></span> <span class='ocrx_word' id='word_1_133' title='bbox 242 1743 332 1804; x_wconf 83' lang='lat' dir='ltr'><strong>Exite</strong></span> <span class='ocrx_word' id='word_1_134' title='bbox 369 1744 426 1804; x_wconf 92' lang='lat' dir='ltr'><strong>hue</strong></span> <span class='ocrx_word' id='word_1_135' title='bbox 463 1740 591 1816; x_wconf 76' lang='lat' dir='ltr'><strong>aliquia!</strong></span> <span class='ocrx_word' id='word_1_136' title='bbox 632 1741 725 1806; x_wconf 85' lang='lat' dir='ltr'><strong>Trnc.</strong></span> <span class='ocrx_word' id='word_1_137' title='bbox 749 1741 779 1821; x_wconf 92' lang='grc' dir='ltr'><strong>Ι,</strong></span> <span class='ocrx_word' id='word_1_138' title='bbox 804 1745 839 1822; x_wconf 90' lang='grc'><strong>2,</strong></span> <span class='ocrx_word' id='word_1_139' title='bbox 861 1745 895 1806; x_wconf 85' lang='lat'><strong>8:</strong></span> <span class='ocrx_word' id='word_1_140' title='bbox 940 1743 1023 1804; x_wconf 90' lang='lat' dir='ltr'><strong>Unus</strong></span> <span class='ocrx_word' id='word_1_141' title='bbox 1045 1757 1147 1802; x_wconf 88' lang='lat' dir='ltr'><strong>eorum</strong></span> <span class='ocrx_word' id='word_1_142' title='bbox 1170 1743 1280 1816; x_wconf 76' lang='lat' dir='ltr'><strong>aliquis</strong></span> 
     </span>
     <span class='ocr_line' id='line_1_16' title="bbox 18 1837 1280 1920; baseline 0.001 -20"><span class='ocrx_word' id='word_1_143' title='bbox 18 1879 20 1906; x_wconf 54' lang='lat' dir='ltr'><strong>r</strong></span> <span class='ocrx_word' id='word_1_144' title='bbox 125 1842 258 1900; x_wconf 90' lang='lat' dir='ltr'><strong>osculnm</strong></span> <span class='ocrx_word' id='word_1_145' title='bbox 286 1841 398 1901; x_wconf 87' lang='lat' dir='ltr'><strong>amicae</strong></span> <span class='ocrx_word' id='word_1_146' title='bbox 428 1859 520 1917; x_wconf 88' lang='lat' dir='ltr'><strong>usqne</strong></span> <span class='ocrx_word' id='word_1_147' title='bbox 548 1841 671 1917; x_wconf 78' lang='lat' dir='ltr'><strong>oggerit.</strong></span> <span class='ocrx_word' id='word_1_148' title='bbox 720 1837 813 1920; x_wconf 81' lang='lat' dir='ltr'><strong>Epio.</strong></span> <span class='ocrx_word' id='word_1_149' title='bbox 840 1837 888 1918; x_wconf 93' lang='grc' dir='ltr'><strong>Π,</strong></span> <span class='ocrx_word' id='word_1_150' title='bbox 920 1843 954 1918; x_wconf 88' lang='grc'><strong>2,</strong></span> <span class='ocrx_word' id='word_1_151' title='bbox 981 1842 1034 1902; x_wconf 84' lang='lat'><strong>72:</strong></span> <span class='ocrx_word' id='word_1_152' title='bbox 1084 1839 1280 1916; x_wconf 84' lang='lat' dir='ltr'><strong>Reperiamus</strong></span> 
     </span>
     <span class='ocr_line' id='line_1_17' title="bbox 18 1933 1280 2017; baseline 0.002 -22"><span class='ocrx_word' id='word_1_153' title='bbox 18 1965 19 2008; x_wconf 67' lang='lat'>3</span> <span class='ocrx_word' id='word_1_154' title='bbox 130 1937 246 2010; x_wconf 79' lang='lat' dir='ltr'><strong>aliquid</strong></span> <span class='ocrx_word' id='word_1_155' title='bbox 266 1938 356 1999; x_wconf 84' lang='lat' dir='ltr'><strong>calidi</strong></span> <span class='ocrx_word' id='word_1_156' title='bbox 379 1938 574 2001; x_wconf 87' lang='lat' dir='ltr'><strong>conducibilis</strong></span> <span class='ocrx_word' id='word_1_157' title='bbox 598 1941 712 2002; x_wconf 89' lang='lat' dir='ltr'><strong>consili.</strong></span> <span class='ocrx_word' id='word_1_158' title='bbox 758 1935 847 2002; x_wconf 82' lang='lat' dir='ltr'><strong>Cure.</strong></span> <span class='ocrx_word' id='word_1_159' title='bbox 872 1935 919 2017; x_wconf 85' lang='lat'><strong>11,</strong></span> <span class='ocrx_word' id='word_1_160' title='bbox 953 1941 982 2016; x_wconf 88' lang='lat'><strong>3,</strong></span> <span class='ocrx_word' id='word_1_161' title='bbox 1005 1941 1061 2001; x_wconf 83' lang='lat'><strong>41:</strong></span> <span class='ocrx_word' id='word_1_162' title='bbox 1107 1933 1173 2000; x_wconf 86' lang='lat' dir='ltr'><strong>PH.</strong></span> <span class='ocrx_word' id='word_1_163' title='bbox 1217 1937 1280 1998; x_wconf 85' lang='lat' dir='ltr'><strong>Iam</strong></span> 
     </span>
     <span class='ocr_line' id='line_1_18' title="bbox 18 2031 1281 2113; baseline -0.007 -11"><span class='ocrx_word' id='word_1_164' title='bbox 18 2069 19 2102; x_wconf 75' lang='grc'>;</span> <span class='ocrx_word' id='word_1_165' title='bbox 125 2037 196 2096; x_wconf 91' lang='lat' dir='ltr'><strong>edes</strong></span> <span class='ocrx_word' id='word_1_166' title='bbox 223 2035 346 2109; x_wconf 77' lang='lat' dir='ltr'><strong>aliquid.</strong></span> <span class='ocrx_word' id='word_1_167' title='bbox 391 2031 454 2098; x_wconf 80' lang='lat' dir='ltr'><strong>GU.</strong></span> <span class='ocrx_word' id='word_1_168' title='bbox 499 2037 577 2098; x_wconf 85' lang='lat' dir='ltr'><strong>Nolo</strong></span> <span class='ocrx_word' id='word_1_169' title='bbox 612 2037 715 2098; x_wconf 89' lang='lat' dir='ltr'><strong>hercle</strong></span> <span class='ocrx_word' id='word_1_170' title='bbox 752 2037 881 2113; x_wconf 80' lang='lat' dir='ltr'><strong>aliquid,</strong></span> <span class='ocrx_word' id='word_1_171' title='bbox 911 2043 1027 2096; x_wconf 89' lang='lat' dir='ltr'><strong>certum</strong></span> <span class='ocrx_word' id='word_1_172' title='bbox 1056 2053 1143 2111; x_wconf 88' lang='lat' dir='ltr'><strong>qnam</strong></span> <span class='ocrx_word' id='word_1_173' title='bbox 1165 2033 1281 2108; x_wconf 76' lang='lat' dir='ltr'><strong>aliquid</strong></span> 
     </span>
    </p>
   </div>
   <div class='ocr_carea' id='block_1_8' title="bbox 18 2131 1279 2313">
    <p class='ocr_par' dir='ltr' id='par_1_8' title="bbox 18 2131 1279 2313">
     <span class='ocr_line' id='line_1_19' title="bbox 18 2131 1279 2215; baseline -0.001 -20"><span class='ocrx_word' id='word_1_174' title='bbox 18 2195 19 2206; x_wconf 63' lang='grc'>,</span> <span class='ocrx_word' id='word_1_175' title='bbox 123 2137 250 2212; x_wconf 86' lang='lat' dir='ltr'><strong>mavolo,</strong></span> <span class='ocrx_word' id='word_1_176' title='bbox 273 2131 358 2212; x_wconf 88' lang='lat' dir='ltr'><strong>adq.</strong></span> <span class='ocrx_word' id='word_1_177' title='bbox 374 2131 393 2196; x_wconf 93' lang='lat' dir='ltr'><strong>l.</strong></span> <span class='ocrx_word' id='word_1_178' title='bbox 415 2131 629 2198; x_wconf 88' lang='lat' dir='ltr'><strong>Boxhornius:</strong></span> <span class='ocrx_word' id='word_1_179' title='bbox 653 2151 731 2215; x_wconf 94' lang='lat' dir='ltr'><strong>„per</strong></span> <span class='ocrx_word' id='word_1_180' title='bbox 746 2135 863 2210; x_wconf 77' lang='lat' dir='ltr'><strong>aliquid</strong></span> <span class='ocrx_word' id='word_1_181' title='bbox 876 2132 1031 2198; x_wconf 90' lang='lat' dir='ltr'><strong>incertum</strong></span> <span class='ocrx_word' id='word_1_182' title='bbox 1047 2131 1132 2211; x_wconf 88' lang='lat' dir='ltr'><strong>quid,</strong></span> <span class='ocrx_word' id='word_1_183' title='bbox 1154 2148 1279 2212; x_wconf 88' lang='lat' dir='ltr'><strong>vagum,</strong></span> 
     </span>
     <span class='ocr_line' id='line_1_20' title="bbox 18 2227 1279 2313; baseline -0.002 -19"><span class='ocrx_word' id='word_1_184' title='bbox 18 2271 19 2276; x_wconf 20' lang='grc' dir='ltr'><strong>κ</strong></span> <span class='ocrx_word' id='word_1_185' title='bbox 124 2230 210 2310; x_wconf 90' lang='lat' dir='ltr'><strong>quod</strong></span> <span class='ocrx_word' id='word_1_186' title='bbox 232 2230 323 2297; x_wconf 88' lang='lat' dir='ltr'><strong>abest</strong></span> <span class='ocrx_word' id='word_1_187' title='bbox 345 2233 378 2294; x_wconf 88' lang='lat' dir='ltr'><strong>et</strong></span> <span class='ocrx_word' id='word_1_188' title='bbox 398 2229 499 2312; x_wconf 88' lang='lat' dir='ltr'><strong>digito</strong></span> <span class='ocrx_word' id='word_1_189' title='bbox 521 2231 554 2295; x_wconf 89' lang='lat' dir='ltr'><strong>in</strong></span> <span class='ocrx_word' id='word_1_190' title='bbox 575 2248 728 2313; x_wconf 88' lang='lat' dir='ltr'><strong>praesens</strong></span> <span class='ocrx_word' id='word_1_191' title='bbox 742 2231 913 2297; x_wconf 88' lang='lat' dir='ltr'><strong>monstrari</strong></span> <span class='ocrx_word' id='word_1_192' title='bbox 928 2249 991 2294; x_wconf 92' lang='lat' dir='ltr'><strong>non</strong></span> <span class='ocrx_word' id='word_1_193' title='bbox 1006 2234 1122 2311; x_wconf 90' lang='lat' dir='ltr'><strong>potest,</strong></span> <span class='ocrx_word' id='word_1_194' title='bbox 1145 2239 1177 2293; x_wconf 89' lang='lat' dir='ltr'><strong>et</strong></span> <span class='ocrx_word' id='word_1_195' title='bbox 1195 2227 1279 2309; x_wconf 90' lang='lat' dir='ltr'><strong>qnod</strong></span> 
     </span>
    </p>
   </div>
   <div class='ocr_carea' id='block_1_9' title="bbox 123 2325 1283 4078">
    <p class='ocr_par' dir='ltr' id='par_1_9' title="bbox 123 2325 1282 2900">
     <span class='ocr_line' id='line_1_21' title="bbox 123 2325 1279 2410; baseline 0.001 -21"><span class='ocrx_word' id='word_1_196' title='bbox 123 2325 211 2407; x_wconf 88' lang='lat' dir='ltr'><strong>quid,</strong></span> <span class='ocrx_word' id='word_1_197' title='bbox 234 2332 290 2393; x_wconf 84' lang='lat' dir='ltr'><strong>out</strong></span> <span class='ocrx_word' id='word_1_198' title='bbox 312 2325 415 2410; x_wconf 87' lang='lat' dir='ltr'><strong>quale,</strong></span> <span class='ocrx_word' id='word_1_199' title='bbox 439 2334 496 2393; x_wconf 87' lang='lat' dir='ltr'><strong>aut</strong></span> <span class='ocrx_word' id='word_1_200' title='bbox 517 2329 572 2393; x_wconf 91' lang='lat' dir='ltr'><strong>ubi</strong></span> <span class='ocrx_word' id='word_1_201' title='bbox 594 2329 637 2394; x_wconf 87' lang='lat' dir='ltr'><strong>sit</strong></span> <span class='ocrx_word' id='word_1_202' title='bbox 656 2329 787 2408; x_wconf 86' lang='lat' dir='ltr'><strong>nescies,</strong></span> <span class='ocrx_word' id='word_1_203' title='bbox 811 2325 1017 2410; x_wconf 87' lang='lat' dir='ltr'><strong>significatur.</strong></span> <span class='ocrx_word' id='word_1_204' title='bbox 1061 2325 1279 2391; x_wconf 89' lang='lat' dir='ltr'><strong>Phaedromus</strong></span> 
     </span>
     <span class='ocr_line' id='line_1_22' title="bbox 124 2422 1282 2504; baseline 0.001 -18"><span class='ocrx_word' id='word_1_205' title='bbox 124 2423 263 2488; x_wconf 84' lang='lat' dir='ltr'><strong>dixerat:</strong></span> <span class='ocrx_word' id='word_1_206' title='bbox 305 2429 376 2488; x_wconf 83' lang='lat' dir='ltr'><strong>Iam</strong></span> <span class='ocrx_word' id='word_1_207' title='bbox 396 2429 461 2490; x_wconf 77' lang='lat' dir='ltr'><strong>adca</strong></span> <span class='ocrx_word' id='word_1_208' title='bbox 483 2429 613 2502; x_wconf 50' lang='lat' dir='ltr'><strong>aimei&amp;</strong></span> <span class='ocrx_word' id='word_1_209' title='bbox 639 2425 722 2490; x_wconf 91' lang='lat' dir='ltr'><strong>idem</strong></span> <span class='ocrx_word' id='word_1_210' title='bbox 747 2431 797 2493; x_wconf 90' lang='lat' dir='ltr'><strong>est</strong></span> <span class='ocrx_word' id='word_1_211' title='bbox 818 2445 856 2492; x_wconf 88' lang='lat' dir='ltr'><strong>ao</strong></span> <span class='ocrx_word' id='word_1_212' title='bbox 878 2427 905 2492; x_wconf 91' lang='lat' dir='ltr'><strong>si</strong></span> <span class='ocrx_word' id='word_1_213' title='bbox 920 2426 1061 2504; x_wconf 86' lang='lat' dir='ltr'><strong>dixisset,</strong></span> <span class='ocrx_word' id='word_1_214' title='bbox 1084 2425 1160 2489; x_wconf 88' lang='lat' dir='ltr'><strong>edes</strong></span> <span class='ocrx_word' id='word_1_215' title='bbox 1175 2422 1282 2488; x_wconf 87' lang='lat' dir='ltr'><strong>neseio</strong></span> 
     </span>
     <span class='ocr_line' id='line_1_23' title="bbox 127 2519 1280 2605; baseline 0.001 -23"><span class='ocrx_word' id='word_1_216' title='bbox 127 2519 213 2599; x_wconf 88' lang='lat' dir='ltr'><strong>quid.</strong></span> <span class='ocrx_word' id='word_1_217' title='bbox 260 2519 390 2585; x_wconf 82' lang='lat' dir='ltr'><strong>Certum</strong></span> <span class='ocrx_word' id='word_1_218' title='bbox 418 2540 496 2604; x_wconf 90' lang='lat' dir='ltr'><strong>ergo</strong></span> <span class='ocrx_word' id='word_1_219' title='bbox 522 2522 599 2605; x_wconf 89' lang='lat' dir='ltr'><strong>qnid</strong></span> <span class='ocrx_word' id='word_1_220' title='bbox 619 2523 689 2589; x_wconf 87' lang='lat' dir='ltr'><strong>vult</strong></span> <span class='ocrx_word' id='word_1_221' title='bbox 711 2523 888 2590; x_wconf 87' lang='lat' dir='ltr'><strong>Curculio.“</strong></span> <span class='ocrx_word' id='word_1_222' title='bbox 932 2524 995 2589; x_wconf 91' lang='lat' dir='ltr'><strong>Pro</strong></span> <span class='ocrx_word' id='word_1_223' title='bbox 1019 2519 1159 2588; x_wconf 85' lang='lat' dir='ltr'><strong>ablativo</strong></span> <span class='ocrx_word' id='word_1_224' title='bbox 1180 2524 1280 2597; x_wconf 74' lang='lat' dir='ltr'><strong>alicua</strong></span> 
     </span>
     <span class='ocr_line' id='line_1_24' title="bbox 127 2617 1281 2703; baseline 0 -22"><span class='ocrx_word' id='word_1_225' title='bbox 127 2617 244 2682; x_wconf 84' lang='lat' dir='ltr'><strong>dicitur</strong></span> <span class='ocrx_word' id='word_1_226' title='bbox 270 2618 366 2684; x_wconf 82' lang='lat' dir='ltr'><strong>etiam</strong></span> <span class='ocrx_word' id='word_1_227' title='bbox 388 2621 483 2696; x_wconf 67' lang='lat' dir='ltr'><strong>elidat</strong></span> <span class='ocrx_word' id='word_1_228' title='bbox 504 2620 595 2703; x_wconf 84' lang='lat' dir='ltr'><strong>Epid.</strong></span> <span class='ocrx_word' id='word_1_229' title='bbox 619 2621 681 2700; x_wconf 88' lang='lat' dir='ltr'>III,</span> <span class='ocrx_word' id='word_1_230' title='bbox 714 2628 747 2703; x_wconf 94' lang='lat' dir='ltr'><strong>l,</strong></span> <span class='ocrx_word' id='word_1_231' title='bbox 780 2629 833 2688; x_wconf 91' lang='lat'><strong>11:</strong></span> <span class='ocrx_word' id='word_1_232' title='bbox 878 2625 1024 2686; x_wconf 86' lang='lat' dir='ltr'><strong>Aliounde</strong></span> <span class='ocrx_word' id='word_1_233' title='bbox 1047 2624 1084 2684; x_wconf 81' lang='lat' dir='ltr'><strong>ab</strong></span> <span class='ocrx_word' id='word_1_234' title='bbox 1108 2623 1205 2696; x_wconf 77' lang='lat' dir='ltr'><strong>aliqui</strong></span> <span class='ocrx_word' id='word_1_235' title='bbox 1226 2621 1281 2681; x_wconf 80' lang='lat' dir='ltr'><strong>oli-</strong></span> 
     </span>
     <span class='ocr_line' id='line_1_25' title="bbox 126 2717 1280 2800; baseline 0.003 -23"><span class='ocrx_word' id='word_1_236' title='bbox 126 2722 215 2792; x_wconf 81' lang='lat' dir='ltr'><strong>pcost</strong></span> <span class='ocrx_word' id='word_1_237' title='bbox 236 2719 292 2779; x_wconf 85' lang='lat' dir='ltr'><strong>tibi</strong></span> <span class='ocrx_word' id='word_1_238' title='bbox 314 2735 397 2796; x_wconf 89' lang='lat' dir='ltr'><strong>spes,</strong></span> <span class='ocrx_word' id='word_1_239' title='bbox 430 2723 463 2783; x_wconf 89' lang='lat' dir='ltr'><strong>et</strong></span> <span class='ocrx_word' id='word_1_240' title='bbox 484 2717 577 2785; x_wconf 86' lang='lat' dir='ltr'><strong>Most.</strong></span> <span class='ocrx_word' id='word_1_241' title='bbox 601 2719 631 2800; x_wconf 94' lang='grc' dir='ltr'><strong>Ι,</strong></span> <span class='ocrx_word' id='word_1_242' title='bbox 655 2724 689 2800; x_wconf 86' lang='grc'><strong>3,</strong></span> <span class='ocrx_word' id='word_1_243' title='bbox 715 2725 765 2786; x_wconf 85' lang='grc'><strong>18;</strong></span> <span class='ocrx_word' id='word_1_244' title='bbox 803 2726 840 2786; x_wconf 92' lang='lat' dir='ltr'><strong>ob</strong></span> <span class='ocrx_word' id='word_1_245' title='bbox 863 2725 919 2784; x_wconf 89' lang='lat' dir='ltr'><strong>hoo</strong></span> <span class='ocrx_word' id='word_1_246' title='bbox 940 2724 1062 2783; x_wconf 90' lang='lat' dir='ltr'><strong>verbnm</strong></span> <span class='ocrx_word' id='word_1_247' title='bbox 1084 2728 1128 2796; x_wconf 86' lang='lat' dir='ltr'><strong>ta,</strong></span> <span class='ocrx_word' id='word_1_248' title='bbox 1152 2720 1280 2795; x_wconf 84' lang='lat' dir='ltr'><strong>Scapha,</strong></span> 
     </span>
     <span class='ocr_line' id='line_1_26' title="bbox 128 2816 1018 2900; baseline 0.008 -25"><span class='ocrx_word' id='word_1_249' title='bbox 128 2816 245 2877; x_wconf 91' lang='lat' dir='ltr'><strong>donabo</strong></span> <span class='ocrx_word' id='word_1_250' title='bbox 266 2817 354 2878; x_wconf 87' lang='lat' dir='ltr'><strong>hodia</strong></span> <span class='ocrx_word' id='word_1_251' title='bbox 377 2819 473 2893; x_wconf 63' lang='lat' dir='ltr'><strong>cimai</strong></span> <span class='ocrx_word' id='word_1_252' title='bbox 495 2817 637 2896; x_wconf 87' lang='lat' dir='ltr'><strong>[merito].</strong></span> <span class='ocrx_word' id='word_1_253' title='bbox 681 2817 773 2900; x_wconf 81' lang='lat' dir='ltr'><strong>Epio.</strong></span> <span class='ocrx_word' id='word_1_254' title='bbox 796 2819 838 2900; x_wconf 92' lang='lat' dir='ltr'><strong>II,</strong></span> <span class='ocrx_word' id='word_1_255' title='bbox 862 2825 890 2897; x_wconf 89' lang='lat'><strong>3,</strong></span> <span class='ocrx_word' id='word_1_256' title='bbox 915 2825 932 2883; x_wconf 85' lang='grc'><strong>7</strong></span> <span class='ocrx_word' id='word_1_257' title='bbox 957 2837 1018 2898; x_wconf 89' lang='lat' dir='ltr'><strong>sq.:</strong></span> 
     </span>
    </p>

    <p class='ocr_par' dir='ltr' id='par_1_10' title="bbox 277 2915 1019 2997">
     <span class='ocr_line' id='line_1_27' title="bbox 277 2915 1019 2997; baseline 0 -21"><span class='ocrx_word' id='word_1_258' title='bbox 277 2915 337 2977; x_wconf 86' lang='lat' dir='ltr'><strong>Sed</strong></span> <span class='ocrx_word' id='word_1_259' title='bbox 358 2933 405 2978; x_wconf 89' lang='lat' dir='ltr'><strong>me</strong></span> <span class='ocrx_word' id='word_1_260' title='bbox 427 2936 486 2979; x_wconf 86' lang='lat' dir='ltr'><strong>nna</strong></span> <span class='ocrx_word' id='word_1_261' title='bbox 503 2920 605 2980; x_wconf 84' lang='lat' dir='ltr'><strong>turbat</strong></span> <span class='ocrx_word' id='word_1_262' title='bbox 626 2937 675 2981; x_wconf 90' lang='lat' dir='ltr'><strong>res</strong></span> <span class='ocrx_word' id='word_1_263' title='bbox 697 2922 848 2997; x_wconf 87' lang='lat' dir='ltr'><strong>ratioque:</strong></span> <span class='ocrx_word' id='word_1_264' title='bbox 873 2919 1019 2994; x_wconf 80' lang='lat' dir='ltr'><strong>Apoecidi</strong></span> 
     </span>
    </p>

    <p class='ocr_par' dir='ltr' id='par_1_11' title="bbox 125 3015 1283 4078">
     <span class='ocr_line' id='line_1_28' title="bbox 275 3015 1123 3092; baseline 0.001 -19"><span class='ocrx_word' id='word_1_265' title='bbox 275 3015 373 3091; x_wconf 59' lang='lat' dir='ltr'><strong>Qum</strong></span> <span class='ocrx_word' id='word_1_266' title='bbox 397 3017 552 3077; x_wconf 88' lang='lat' dir='ltr'><strong>ostendam</strong></span> <span class='ocrx_word' id='word_1_267' title='bbox 574 3017 723 3080; x_wconf 84' lang='lat' dir='ltr'><strong>fidicinam</strong></span> <span class='ocrx_word' id='word_1_268' title='bbox 747 3021 880 3092; x_wconf 74' lang='lat' dir='ltr'><strong>adipeam</strong></span> <span class='ocrx_word' id='word_1_269' title='bbox 902 3017 1123 3088; x_wconf 90' lang='lat' dir='ltr'><strong>conductitiam,</strong></span> 
     </span>
     <span class='ocr_line' id='line_1_29' title="bbox 129 3106 1282 3196; baseline 0.003 -25"><span class='ocrx_word' id='word_1_270' title='bbox 129 3106 170 3172; x_wconf 93' lang='lat' dir='ltr'><strong>de</strong></span> <span class='ocrx_word' id='word_1_271' title='bbox 200 3125 261 3185; x_wconf 89' lang='lat' dir='ltr'><strong>quo</strong></span> <span class='ocrx_word' id='word_1_272' title='bbox 290 3109 360 3176; x_wconf 91' lang='lat' dir='ltr'><strong>loco</strong></span> <span class='ocrx_word' id='word_1_273' title='bbox 388 3111 580 3180; x_wconf 88' lang='lat' dir='ltr'><strong>Balbachius</strong></span> <span class='ocrx_word' id='word_1_274' title='bbox 607 3131 636 3196; x_wconf 91' lang='lat' dir='ltr'><strong>p.</strong></span> <span class='ocrx_word' id='word_1_275' title='bbox 662 3119 700 3180; x_wconf 88' lang='grc'><strong>19</strong></span> <span class='ocrx_word' id='word_1_276' title='bbox 723 3133 783 3196; x_wconf 88' lang='lat' dir='ltr'><strong>sq.:</strong></span> <span class='ocrx_word' id='word_1_277' title='bbox 829 3113 985 3194; x_wconf 84' lang='lat' dir='ltr'><strong>„Constat</strong></span> <span class='ocrx_word' id='word_1_278' title='bbox 1006 3111 1164 3176; x_wconf 89' lang='lat' dir='ltr'><strong>Romanos</strong></span> <span class='ocrx_word' id='word_1_279' title='bbox 1185 3108 1282 3188; x_wconf 87' lang='lat' dir='ltr'><strong>inque</strong></span> 
     </span>
     <span class='ocr_line' id='line_1_30' title="bbox 127 3204 1282 3292; baseline 0.001 -24"><span class='ocrx_word' id='word_1_280' title='bbox 127 3204 240 3286; x_wconf 90' lang='lat' dir='ltr'><strong>primis</strong></span> <span class='ocrx_word' id='word_1_281' title='bbox 267 3206 460 3274; x_wconf 87' lang='lat' dir='ltr'><strong>Sarsinatenr</strong></span> <span class='ocrx_word' id='word_1_282' title='bbox 488 3215 632 3277; x_wconf 88' lang='lat' dir='ltr'><strong>nostrum</strong></span> <span class='ocrx_word' id='word_1_283' title='bbox 659 3231 730 3278; x_wconf 90' lang='lat' dir='ltr'><strong>cum</strong></span> <span class='ocrx_word' id='word_1_284' title='bbox 758 3211 820 3277; x_wconf 85' lang='lat' dir='ltr'><strong>alia</strong></span> <span class='ocrx_word' id='word_1_285' title='bbox 847 3209 1023 3292; x_wconf 86' lang='lat' dir='ltr'><strong>pleonasmi</strong></span> <span class='ocrx_word' id='word_1_286' title='bbox 1051 3225 1184 3292; x_wconf 84' lang='lat' dir='ltr'><strong>genera,</strong></span> <span class='ocrx_word' id='word_1_287' title='bbox 1213 3211 1282 3271; x_wconf 91' lang='lat' dir='ltr'><strong>tum</strong></span> 
     </span>
     <span class='ocr_line' id='line_1_31' title="bbox 125 3301 1282 3388; baseline -0.002 -18"><span class='ocrx_word' id='word_1_288' title='bbox 125 3301 347 3384; x_wconf 78' lang='lat' dir='ltr'><strong>frequentasse</strong></span> <span class='ocrx_word' id='word_1_289' title='bbox 369 3304 585 3388; x_wconf 87' lang='lat' dir='ltr'><strong>pleonasmum</strong></span> <span class='ocrx_word' id='word_1_290' title='bbox 608 3309 837 3377; x_wconf 88' lang='lat' dir='ltr'><strong>adiectivorum</strong></span> <span class='ocrx_word' id='word_1_291' title='bbox 862 3311 946 3380; x_wconf 73' lang='lat' dir='ltr'><strong>altem</strong></span> <span class='ocrx_word' id='word_1_292' title='bbox 963 3312 1051 3387; x_wconf 77' lang='lat' dir='ltr'><strong>attus,</strong></span> <span class='ocrx_word' id='word_1_293' title='bbox 1069 3311 1188 3385; x_wconf 74' lang='lat' dir='ltr'><strong>aliquis,</strong></span> <span class='ocrx_word' id='word_1_294' title='bbox 1204 3307 1282 3382; x_wconf 71' lang='lat' dir='ltr'><strong>quis</strong></span> 
     </span>
     <span class='ocr_line' id='line_1_32' title="bbox 125 3402 1282 3489; baseline 0.004 -25"><span class='ocrx_word' id='word_1_295' title='bbox 125 3421 232 3479; x_wconf 77' lang='lat' dir='ltr'><strong>quom,</strong></span> <span class='ocrx_word' id='word_1_296' title='bbox 255 3402 350 3484; x_wconf 89' lang='lat' dir='ltr'><strong>idque</strong></span> <span class='ocrx_word' id='word_1_297' title='bbox 372 3421 436 3471; x_wconf 94' lang='lat' dir='ltr'><strong>non</strong></span> <span class='ocrx_word' id='word_1_298' title='bbox 458 3406 561 3472; x_wconf 90' lang='lat' dir='ltr'><strong>solum</strong></span> <span class='ocrx_word' id='word_1_299' title='bbox 582 3412 655 3489; x_wconf 92' lang='lat' dir='ltr'><strong>post</strong></span> <span class='ocrx_word' id='word_1_300' title='bbox 677 3407 827 3488; x_wconf 85' lang='lat' dir='ltr'><strong>negativa</strong></span> <span class='ocrx_word' id='word_1_301' title='bbox 848 3427 947 3478; x_wconf 83' lang='lat' dir='ltr'><strong>nemo,</strong></span> <span class='ocrx_word' id='word_1_302' title='bbox 969 3409 1085 3477; x_wconf 80' lang='lat' dir='ltr'><strong>nullus,</strong></span> <span class='ocrx_word' id='word_1_303' title='bbox 1107 3406 1185 3466; x_wconf 75' lang='lat' dir='ltr'><strong>nihii</strong></span> <span class='ocrx_word' id='word_1_304' title='bbox 1206 3402 1282 3469; x_wconf 89' lang='lat' dir='ltr'><strong>alia·</strong></span> 
     </span>
     <span class='ocr_line' id='line_1_33' title="bbox 126 3501 1281 3587; baseline -0.002 -21"><span class='ocrx_word' id='word_1_305' title='bbox 126 3519 205 3583; x_wconf 91' lang='lat' dir='ltr'><strong>que,</strong></span> <span class='ocrx_word' id='word_1_306' title='bbox 234 3501 291 3566; x_wconf 91' lang='lat' dir='ltr'><strong>sed</strong></span> <span class='ocrx_word' id='word_1_307' title='bbox 314 3501 410 3568; x_wconf 88' lang='lat' dir='ltr'><strong>etiam</strong></span> <span class='ocrx_word' id='word_1_308' title='bbox 432 3509 505 3585; x_wconf 87' lang='lat' dir='ltr'><strong>post</strong></span> <span class='ocrx_word' id='word_1_309' title='bbox 526 3504 789 3587; x_wconf 87' lang='lat' dir='ltr'><strong>interrogativum</strong></span> <span class='ocrx_word' id='word_1_310' title='bbox 811 3507 890 3580; x_wconf 78' lang='lat' dir='ltr'><strong>ocis,</strong></span> <span class='ocrx_word' id='word_1_311' title='bbox 919 3521 1036 3585; x_wconf 88' lang='lat' dir='ltr'><strong>eosque</strong></span> <span class='ocrx_word' id='word_1_312' title='bbox 1058 3503 1176 3568; x_wconf 87' lang='lat' dir='ltr'><strong>dixisse</strong></span> <span class='ocrx_word' id='word_1_313' title='bbox 1198 3521 1281 3565; x_wconf 74' lang='lat' dir='ltr'><strong>mmo</strong></span> 
     </span>
     <span class='ocr_line' id='line_1_34' title="bbox 126 3601 1283 3684; baseline 0.001 -23"><span class='ocrx_word' id='word_1_314' title='bbox 126 3603 291 3678; x_wconf 76' lang='lat' dir='ltr'><strong>quisquam,</strong></span> <span class='ocrx_word' id='word_1_315' title='bbox 313 3619 397 3662; x_wconf 81' lang='lat' dir='ltr'><strong>nemo</strong></span> <span class='ocrx_word' id='word_1_316' title='bbox 419 3605 506 3684; x_wconf 72' lang='lat' dir='ltr'><strong>attam,</strong></span> <span class='ocrx_word' id='word_1_317' title='bbox 528 3605 629 3668; x_wconf 79' lang='lat' dir='ltr'><strong>collus</strong></span> <span class='ocrx_word' id='word_1_318' title='bbox 651 3605 768 3683; x_wconf 71' lang='lat' dir='ltr'><strong>adipum,</strong></span> <span class='ocrx_word' id='word_1_319' title='bbox 790 3605 891 3667; x_wconf 80' lang='lat' dir='ltr'><strong>collus</strong></span> <span class='ocrx_word' id='word_1_320' title='bbox 914 3606 999 3675; x_wconf 82' lang='lat' dir='ltr'><strong>aiter,</strong></span> <span class='ocrx_word' id='word_1_321' title='bbox 1021 3606 1087 3680; x_wconf 79' lang='lat' dir='ltr'><strong>puis</strong></span> <span class='ocrx_word' id='word_1_322' title='bbox 1109 3604 1192 3671; x_wconf 71' lang='lat' dir='ltr'><strong>ditem</strong></span> <span class='ocrx_word' id='word_1_323' title='bbox 1215 3601 1283 3676; x_wconf 74' lang='lat' dir='ltr'><strong>qais</strong></span> 
     </span>
     <span class='ocr_line' id='line_1_35' title="bbox 128 3698 1282 3782; baseline -0.01 -13"><span class='ocrx_word' id='word_1_324' title='bbox 128 3698 284 3773; x_wconf 63' lang='lat' dir='ltr'><strong>Quisquam</strong></span> <span class='ocrx_word' id='word_1_325' title='bbox 314 3701 348 3764; x_wconf 78' lang='lat' dir='ltr'><strong>et</strong></span> <span class='ocrx_word' id='word_1_326' title='bbox 374 3716 402 3780; x_wconf 85' lang='lat' dir='ltr'><strong>q.</strong></span> <span class='ocrx_word' id='word_1_327' title='bbox 432 3717 457 3768; x_wconf 87' lang='lat' dir='ltr'><strong>s.</strong></span> <span class='ocrx_word' id='word_1_328' title='bbox 484 3699 622 3768; x_wconf 88' lang='lat' dir='ltr'><strong>—Hoc</strong></span> <span class='ocrx_word' id='word_1_329' title='bbox 649 3706 759 3767; x_wconf 91' lang='lat' dir='ltr'><strong>nostro</strong></span> <span class='ocrx_word' id='word_1_330' title='bbox 786 3700 911 3782; x_wconf 87' lang='lat' dir='ltr'><strong>Epidioi</strong></span> <span class='ocrx_word' id='word_1_331' title='bbox 938 3701 1008 3768; x_wconf 89' lang='lat' dir='ltr'><strong>loco</strong></span> <span class='ocrx_word' id='word_1_332' title='bbox 1035 3701 1282 3778; x_wconf 73' lang='lat' dir='ltr'><strong>unamaliquam</strong></span> 
     </span>
     <span class='ocr_line' id='line_1_36' title="bbox 130 3792 1282 3882; baseline 0.005 -28"><span class='ocrx_word' id='word_1_333' title='bbox 130 3792 259 3875; x_wconf 82' lang='lat' dir='ltr'><strong>scripsit</strong></span> <span class='ocrx_word' id='word_1_334' title='bbox 272 3793 415 3876; x_wconf 88' lang='lat' dir='ltr'><strong>Plautus,</strong></span> <span class='ocrx_word' id='word_1_335' title='bbox 438 3797 493 3877; x_wconf 87' lang='lat' dir='ltr'><strong>qui</strong></span> <span class='ocrx_word' id='word_1_336' title='bbox 514 3795 603 3866; x_wconf 88' lang='lat' dir='ltr'><strong>locus</strong></span> <span class='ocrx_word' id='word_1_337' title='bbox 626 3817 696 3866; x_wconf 90' lang='lat' dir='ltr'><strong>cum</strong></span> <span class='ocrx_word' id='word_1_338' title='bbox 720 3797 790 3864; x_wconf 90' lang='lat' dir='ltr'><strong>aliis</strong></span> <span class='ocrx_word' id='word_1_339' title='bbox 805 3798 914 3866; x_wconf 90' lang='lat' dir='ltr'><strong>multis</strong></span> <span class='ocrx_word' id='word_1_340' title='bbox 932 3804 1118 3882; x_wconf 88' lang='lat' dir='ltr'><strong>argumento</strong></span> <span class='ocrx_word' id='word_1_341' title='bbox 1138 3801 1196 3874; x_wconf 86' lang='lat' dir='ltr'><strong>est,</strong></span> <span class='ocrx_word' id='word_1_342' title='bbox 1219 3814 1282 3861; x_wconf 91' lang='lat' dir='ltr'><strong>non</strong></span> 
     </span>
     <span class='ocr_line' id='line_1_37' title="bbox 130 3889 1282 3980; baseline 0.009 -30"><span class='ocrx_word' id='word_1_343' title='bbox 130 3901 258 3971; x_wconf 89' lang='lat' dir='ltr'><strong>semper</strong></span> <span class='ocrx_word' id='word_1_344' title='bbox 284 3907 372 3960; x_wconf 91' lang='lat' dir='ltr'><strong>mere</strong></span> <span class='ocrx_word' id='word_1_345' title='bbox 406 3889 580 3970; x_wconf 77' lang='grc' dir='ltr'><em>πλεονάζειν</em></span> <span class='ocrx_word' id='word_1_346' title='bbox 605 3897 730 3963; x_wconf 87' lang='lat' dir='ltr'><strong>adiecta</strong></span> <span class='ocrx_word' id='word_1_347' title='bbox 756 3897 811 3962; x_wconf 90' lang='lat' dir='ltr'><strong>illa</strong></span> <span class='ocrx_word' id='word_1_348' title='bbox 838 3897 1010 3980; x_wconf 87' lang='lat' dir='ltr'><strong>vocabula,</strong></span> <span class='ocrx_word' id='word_1_349' title='bbox 1043 3897 1100 3962; x_wconf 90' lang='lat' dir='ltr'><strong>sed</strong></span> <span class='ocrx_word' id='word_1_350' title='bbox 1130 3894 1282 3960; x_wconf 88' lang='lat' dir='ltr'><strong>maiorem</strong></span> 
     </span>
     <span class='ocr_line' id='line_1_38' title="bbox 132 3985 1282 4078; baseline 0.007 -30"><span class='ocrx_word' id='word_1_351' title='bbox 132 3999 227 4066; x_wconf 87' lang='lat' dir='ltr'><strong>saepe</strong></span> <span class='ocrx_word' id='word_1_352' title='bbox 256 3989 295 4055; x_wconf 90' lang='lat' dir='ltr'><strong>iis</strong></span> <span class='ocrx_word' id='word_1_353' title='bbox 322 3985 595 4074; x_wconf 85' lang='lat' dir='ltr'><strong>eiflci&#39;emphasin</strong></span> <span class='ocrx_word' id='word_1_354' title='bbox 623 3999 655 4062; x_wconf 92' lang='lat' dir='ltr'><strong>et</strong></span> <span class='ocrx_word' id='word_1_355' title='bbox 677 3997 856 4062; x_wconf 82' lang='lat' dir='ltr'><strong>accuratius</strong></span> <span class='ocrx_word' id='word_1_356' title='bbox 879 3994 1011 4078; x_wconf 88' lang='lat' dir='ltr'><strong>exprimi</strong></span> <span class='ocrx_word' id='word_1_357' title='bbox 1032 3991 1188 4074; x_wconf 87' lang='lat' dir='ltr'><strong>loquentis</strong></span> <span class='ocrx_word' id='word_1_358' title='bbox 1211 4009 1282 4057; x_wconf 91' lang='lat' dir='ltr'><strong>sen·</strong></span> 
     </span>
    </p>
   </div>
   <div class='ocr_carea' id='block_1_10' title="bbox 130 4081 1282 4370">
    <p class='ocr_par' dir='ltr' id='par_1_12' title="bbox 130 4081 1282 4370">
     <span class='ocr_line' id='line_1_39' title="bbox 130 4081 1282 4175; baseline 0.008 -31"><span class='ocrx_word' id='word_1_359' title='bbox 130 4081 273 4149; x_wconf 87' lang='lat' dir='ltr'><strong>tentiam.</strong></span> <span class='ocrx_word' id='word_1_360' title='bbox 316 4091 412 4166; x_wconf 77' lang='lat' dir='ltr'><strong>Quam</strong></span> <span class='ocrx_word' id='word_1_361' title='bbox 441 4093 572 4167; x_wconf 77' lang='lat' dir='ltr'><strong>aliquam</strong></span> <span class='ocrx_word' id='word_1_362' title='bbox 601 4093 680 4168; x_wconf 75' lang='lat' dir='ltr'><strong>riddo.</strong></span> <span class='ocrx_word' id='word_1_363' title='bbox 711 4094 793 4160; x_wconf 89' lang='lat' dir='ltr'><strong>enim</strong></span> <span class='ocrx_word' id='word_1_364' title='bbox 823 4112 887 4158; x_wconf 94' lang='lat' dir='ltr'><strong>non</strong></span> <span class='ocrx_word' id='word_1_365' title='bbox 907 4094 1000 4175; x_wconf 90' lang='lat' dir='ltr'><strong>plane</strong></span> <span class='ocrx_word' id='word_1_366' title='bbox 1022 4097 1071 4159; x_wconf 91' lang='lat' dir='ltr'><strong>est</strong></span> <span class='ocrx_word' id='word_1_367' title='bbox 1091 4091 1175 4157; x_wconf 91' lang='lat' dir='ltr'><strong>idem</strong></span> <span class='ocrx_word' id='word_1_368' title='bbox 1197 4088 1282 4170; x_wconf 86' lang='lat' dir='ltr'><strong>quod</strong></span> 
     </span>
     <span class='ocr_line' id='line_1_40' title="bbox 131 4185 1281 4270; baseline -0.006 -16"><span class='ocrx_word' id='word_1_369' title='bbox 131 4197 222 4254; x_wconf 77' lang='lat' dir='ltr'><strong>quam</strong></span> <span class='ocrx_word' id='word_1_370' title='bbox 244 4185 405 4258; x_wconf 68' lang='lat' dir='ltr'><strong>duranum,</strong></span> <span class='ocrx_word' id='word_1_371' title='bbox 427 4185 485 4253; x_wconf 86' lang='lat' dir='ltr'><strong>sed</strong></span> <span class='ocrx_word' id='word_1_372' title='bbox 507 4185 665 4270; x_wconf 81' lang='lat' dir='ltr'><strong>significat</strong></span> <span class='ocrx_word' id='word_1_373' title='bbox 686 4211 772 4268; x_wconf 90' lang='lat' dir='ltr'><strong>quam</strong></span> <span class='ocrx_word' id='word_1_374' title='bbox 794 4211 883 4255; x_wconf 89' lang='lat' dir='ltr'><strong>unam</strong></span> <span class='ocrx_word' id='word_1_375' title='bbox 904 4195 1051 4255; x_wconf 87' lang='lat' dir='ltr'><strong>fidicinam</strong></span> <span class='ocrx_word' id='word_1_376' title='bbox 1068 4211 1105 4254; x_wconf 84' lang='lat' dir='ltr'><strong>ex</strong></span> <span class='ocrx_word' id='word_1_377' title='bbox 1119 4195 1156 4254; x_wconf 90' lang='lat' dir='ltr'><strong>iis</strong></span> <span class='ocrx_word' id='word_1_378' title='bbox 1169 4189 1281 4263; x_wconf 89' lang='lat' dir='ltr'><strong>moitis,</strong></span> 
     </span>
     <span class='ocr_line' id='line_1_41' title="bbox 130 4284 1282 4370; baseline 0.004 -30"><span class='ocrx_word' id='word_1_379' title='bbox 130 4295 206 4353; x_wconf 86' lang='lat' dir='ltr'><strong>quae</strong></span> <span class='ocrx_word' id='word_1_380' title='bbox 229 4284 356 4345; x_wconf 89' lang='lat' dir='ltr'><strong>conduci</strong></span> <span class='ocrx_word' id='word_1_381' title='bbox 377 4287 533 4362; x_wconf 86' lang='lat' dir='ltr'><strong>possunt.¹‘</strong></span> <span class='ocrx_word' id='word_1_382' title='bbox 570 4284 697 4354; x_wconf 87' lang='lat' dir='ltr'><strong>Terent.</strong></span> <span class='ocrx_word' id='word_1_383' title='bbox 713 4289 811 4355; x_wconf 86' lang='lat' dir='ltr'><strong>Andr.</strong></span> <span class='ocrx_word' id='word_1_384' title='bbox 831 4288 858 4369; x_wconf 94' lang='lat' dir='ltr'><strong>I,</strong></span> <span class='ocrx_word' id='word_1_385' title='bbox 880 4293 909 4370; x_wconf 72' lang='grc' dir='ltr'><strong>δ’,</strong></span> <span class='ocrx_word' id='word_1_386' title='bbox 927 4294 980 4355; x_wconf 82' lang='lat'><strong>15:</strong></span> <span class='ocrx_word' id='word_1_387' title='bbox 1017 4290 1144 4368; x_wconf 77' lang='lat' dir='ltr'><strong>Adpotd</strong></span> <span class='ocrx_word' id='word_1_388' title='bbox 1157 4287 1282 4351; x_wconf 90' lang='lat' dir='ltr'><strong>monstri</strong></span> 
     </span>
    </p>
   </div>
   <div class='ocr_carea' id='block_1_11' title="bbox 628 4393 762 4654">
    <p class='ocr_par' dir='ltr' id='par_1_13' title="bbox 628 4393 762 4654">
     <span class='ocr_line' id='line_1_42' title="bbox 643 4393 758 4514; baseline 0.043 -69"><span class='ocrx_word' id='word_1_389' title='bbox 643 4393 758 4514; x_wconf 35' lang='lat' dir='ltr'><strong>*wie*</strong></span> 
     </span>
     <span class='ocr_line' id='line_1_43' title="bbox 628 4434 762 4584; baseline -0.045 -28"><span class='ocrx_word' id='word_1_390' title='bbox 628 4434 654 4584; x_wconf 76' lang='lat'><strong>(,</strong></span> <span class='ocrx_word' id='word_1_391' title='bbox 665 4511 738 4556; x_wconf 77' lang='lat' dir='ltr'><strong>ortam</strong></span> <span class='ocrx_word' id='word_1_392' title='bbox 745 4529 762 4564; x_wconf 66' lang='lat'>0</span> 
     </span>
     <span class='ocr_line' id='line_1_44' title="bbox 655 4575 751 4654; baseline 0 0"><span class='ocrx_word' id='word_1_393' title='bbox 655 4575 751 4654; x_wconf 52' lang='lat' dir='ltr'><strong>‘tort&#39;</strong></span> 
     </span>
    </p>
   </div>
   <div class='ocr_carea' id='block_1_12' title="bbox 0 0 1508 4764">
    <p class='ocr_par' dir='ltr' id='par_1_14' title="bbox 0 0 1508 4764">
     <span class='ocr_line' id='line_1_45' title="bbox 0 0 1508 4764; baseline 0 0"><span class='ocrx_word' id='word_1_394' title='bbox 0 0 1508 4764; x_wconf 95' lang='lat' dir='ltr'><strong> </strong></span> 
     </span>
    </p>
   </div>
  </div>
 </body>
</html>
