3040 4758
542 255 632 297 homo
651 255 920 301 suasunnvaoauu.
1296 277 1316 337 7

151 431 190 492 ut
211 425 388 506 singularis
417 426 555 493 notionis
583 429 686 496 altera
715 433 807 511 quasi
834 433 1052 515 praedicatum
1084 434 1210 503 efficiat.
1256 437 1317 505 Or·

151 523 281 588 diamum
303 541 324 587 a
345 523 531 602 simpliciori
553 544 678 608 genere.
723 529 761 593 In
783 529 856 611 lege
878 531 1002 596 Numae
1030 551 1080 612 ap.
1104 532 1185 599 Gell.
1206 535 1267 616 IV,
1297 541 1316 603 3

152 620 288 702 (Egger.
311 639 449 685 monum.
472 630 536 688 vet.
552 623 621 689 Lat.
646 627 735 708 reliq.
759 644 789 707 p.
814 628 869 707 82)
893 633 959 694 est:
991 647 1098 693 mecm
1121 630 1172 704 (al.
1196 635 1318 709 arcam)

151 719 301 792 seminem
317 721 438 782 ccidito.
463 718 499 797 Q.
516 721 636 788 Fabius
651 723 759 790 Pictor
773 724 806 788 in
822 725 989 790 annalibus
1007 728 1040 789 et
1054 726 1177 792 Ennius
1200 729 1317 804 (annal.

152 815 179 895 Ι,
204 833 233 880 v.
258 820 299 880 70
328 820 362 878 et
384 820 438 894 73)
469 835 532 883 sec.
564 818 695 896 Quintil.
723 822 749 901 1,
774 827 808 901 6,
838 826 877 886 12
906 828 994 901 lupus
1021 823 1133 886 femina
1159 824 1318 908 dixerunt,

154 917 193 976 ut
212 912 293 977 Cato
316 912 354 977 R.
377 914 415 979 R.
440 933 466 981 c.
493 921 563 982 134.
608 915 688 982 Cato
711 918 748 982 R.
771 917 809 983 B.
833 937 858 984 c.
878 925 932 984 17:
955 923 1058 982 Rebas
1079 925 1223 991 materies,
1245 927 1318 986 item

154 1031 211 1088 pro
240 1014 351 1088 ridica,
381 1015 431 1074 ubi
454 1019 615 1078 solstitium
638 1016 730 1078 fuerit
753 1020 792 1079 ad
813 1020 964 1093 brumam,
996 1037 1115 1096 semper
1140 1026 1319 1096 tempestiva

155 1117 211 1170 est.
254 1108 293 1172 H.
317 1107 337 1173 l.
362 1115 499 1174 materies
523 1109 594 1183 fult
618 1108 768 1196 mundolfi)
802 1119 836 1177 et
851 1133 910 1190 pro
939 1117 1038 1177 ecdico
1060 1115 1092 1177 ἐκ
1119 1111 1317 1198 παραλλήλου

86 1263 100 1290 ,
156 1205 264 1284 posita
285 1206 379 1271 ambo
410 1213 559 1287 spectant
581 1209 621 1274 ad
644 1215 746 1273 robus.
790 1211 891 1276 Recte
921 1211 1060 1292 explicat
1088 1211 1318 1279 Schneiderus:

157 1319 250 1381 „cnm
272 1302 313 1368 ed
336 1306 503 1369 materiam
528 1325 585 1372 seu
607 1306 778 1387 fabricam,
802 1313 870 1372 tum
892 1307 934 1372 ad
956 1308 1083 1375 ridicas.
1128 1310 1237 1376 Rebus
1260 1327 1319 1375 seu

156 1415 296 1478 quercus
317 1399 459 1467 fabricae
487 1407 520 1468 et
541 1405 662 1471 ridicae
689 1395 857 1470 materiam
882 1405 1047 1485 praebet.“
1092 1406 1125 1471 Ο.
1149 1412 1205 1472 2οε
1244 1409 1319 1484 digi-

155 1505 220 1559 tum
243 1502 391 1575 pollicem.
436 1499 542 1566 Plaut.
566 1503 652 1567 Asin.
676 1502 719 1582 ΙΙ,
742 1508 772 1581 4,
795 1507 851 1566 64:
883 1506 1032 1564 hominem
1055 1524 1180 1567 servom.
1226 1502 1319 1582 Epid·

156 1594 515 1677 1,1‚5a111,1,7.
561 1599 658 1665 such.
681 1600 707 1680 1,
730 1604 759 1679 2,
785 1605 813 1663 1.
852 1598 890 1677 v,
913 1605 944 1679 4,
970 1605 1017 1664 io.
1060 1600 1187 1681 mm,
1212 1607 1239 1679 1,
1264 1604 1320 1684 ar:

155 1695 293 1756 homines
317 1700 460 1758 servolos.
505 1695 604 1761 Mero.
628 1697 671 1776 ΙΙ,
696 1703 724 1776 3,
749 1701 805 1761 78:
839 1700 978 1758 ancillam
1008 1702 1180 1775 viraginem.
1225 1697 1318 1762 Truc.

154 1788 200 1869 ΙΙ,
223 1795 252 1867 2,
278 1795 333 1855 29:
365 1811 467 1854 musca
489 1825 530 1836 —
553 1794 673 1857 femina.
718 1793 809 1858 Idem
836 1793 969 1857 Plautus
993 1792 1056 1876 [ap.
1079 1795 1256 1876 Philargyr.
1279 1793 1321 1859 ad

155 1887 247 1968 Virg.
272 1887 330 1952 ecl.
353 1885 395 1968 II,
421 1887 476 1970 63]
509 1891 606 1955 etiam
628 1896 676 1954 leo
698 1893 810 1953 femina
837 1891 917 1954 dixit
944 1895 1030 1964 (Nam
1060 1896 1158 1955 audivi
1180 1893 1322 1955 feminam

155 2003 213 2061 ego
237 1991 355 2048 leonem
378 1991 473 2049 semel
493 1989 616 2065 parire).
660 1988 777 2054 Bacch.
806 1988 832 2068 Ι,
860 1994 886 2069 1,
911 1993 967 2052 55:
1006 1993 1118 2052 homini
1145 1992 1319 2052 adulescen-

156 2087 232 2146 tulo.
277 2080 371 2147 Most.
396 2082 427 2162 Ι,
457 2089 493 2164 3,
527 2089 602 2150 124:
641 2089 754 2161 Quibus
779 2105 857 2150 oreas
880 2089 959 2149 domi
982 2095 1051 2148 sunt
1071 2106 1187 2149 aceres
1231 2085 1320 2151 Pers.

155 2179 195 2258 V,
214 2185 244 2260 2,
259 2186 302 2244 3:
325 2199 482 2257 pessumus
506 2185 556 2244 bic
579 2186 652 2244 milri
674 2185 737 2245 dies
759 2187 847 2246 hodie
869 2187 977 2246 inluxit
1000 2193 1163 2260 correptor.
1192 2182 1320 2248 Diversi

156 2281 267 2342 autem
295 2278 422 2358 generis
458 2279 661 2344 substantiva
694 2282 863 2344 coniuncta
897 2284 972 2344 sunt
1004 2280 1035 2344 in
1067 2279 1117 2346 his
1150 2279 1320 2359 exemplis:

155 2373 256 2438 Poen.
280 2373 347 2454 ΙΙΙ,
373 2382 408 2454 1,
432 2381 488 2439 4οε
527 2380 660 2440 Obsecro
682 2380 800 2453 hercle,
835 2395 956 2452 operam
982 2381 1103 2439 celocem
1135 2381 1211 2440 hanc
1237 2380 1320 2459 mibi,

157 2492 216 2533 nec
238 2475 384 2534 corbitam
406 2475 489 2536 date!
513 2476 547 2538 et
569 2473 650 2538 Rud.
673 2474 729 2554 IV,
754 2480 782 2553 3,
807 2477 862 2536 60:
886 2477 1016 2537 vidulum
1040 2509 1081 2518 -
1102 2479 1225 2551 piscem.

246 2574 277 2633 4.
311 2569 345 2634 Si
371 2571 530 2651 generalis
552 2571 640 2635 notio
663 2589 735 2635 cum
758 2569 888 2650 speciali
916 2571 949 2635 in
970 2575 1099 2647 penitioo
1120 2572 1226 2653 posita
1248 2588 1322 2636 con-

157 2666 313 2747 iungitur,
338 2685 433 2730 unam
456 2669 569 2732 ambae
593 2666 734 2732 efficiunt
757 2667 934 2746 notionem,
958 2685 1020 2748 quo
1043 2670 1181 2747 primum
1203 2667 1322 2732 multae

160 2763 317 2829 dictiones
332 2763 585 2844 periphrasticae
596 2762 785 2828 formantur.
815 2764 910 2827 Ennii
925 2764 1027 2829 annnl.
1044 2764 1064 2828 l.
1077 2765 1102 2844 I,
1117 2765 1155 2830 fr.
1173 2771 1224 2845 57,
1239 2785 1267 2831 v.
1281 2770 1322 2832 96

160 2879 206 2941 sq.
223 2872 272 2924 ter
288 2871 409 2938 quattor
424 2881 549 2937 corpora
565 2874 668 2924 sancta
679 2861 801 2923 Aetam.
824 2860 927 2924 Plaut.
939 2860 1055 2926 Bacch.
1071 2861 1113 2940 ΙΙ,
1132 2868 1160 2941 3,
1178 2869 1233 2927 74:
1256 2867 1321 2926 Me-

160 2962 297 3035 galobuli
320 2962 407 3036 filins,
431 2958 461 3022 h.
486 2977 512 3024 e.
529 2958 768 3040 Megalobyzus,
791 2977 820 3024 v.
843 2958 949 3022 adnot.
966 2957 1165 3023 Tcubmanni
1187 2959 1228 3023 ad
1249 2959 1280 3025 h.
1302 2960 1322 3026 l.

160 3055 289 3134 (Bernh.
314 3075 344 3137 p.
365 3063 402 3121 51
432 3056 541 3122 affert:
575 3055 680 3128 παῖδες
695 3047 863 3133 Ἑλλήνων,
883 3051 1067 3135 Ἀσκληπιοῦ
1087 3053 1204 3132 παῖδες,
1226 3060 1323 3136 negat

160 3161 268 3218 tamen
290 3154 397 3218 adnot.
415 3160 456 3219 85
478 3173 612 3219 numero
629 3153 783 3235 singulari
805 3152 864 3217 hoc
880 3150 949 3218 fieri
965 3153 1050 3233 apud
1066 3152 1230 3231 Graecos.)
1257 3157 1323 3216 Me-

160 3255 268 3328 gabyzi
292 3252 359 3316 sive
382 3255 571 3330 Megalobyzi
594 3269 704 3315 omnes
727 3249 975 3331 appellabantur
998 3251 1182 3316 sacerdotes
1201 3251 1324 3317 Dianae

160 3347 332 3430 Ephesiae.
380 3349 503 3414 Deinde
520 3367 588 3413 voc.
605 3367 654 3410 res
674 3365 733 3426 per
757 3347 1068 3411 circumlocutionem
1090 3347 1225 3412 Plautus
1248 3365 1325 3413 usus

160 3454 221 3526 est,
244 3452 282 3510 ut
305 3447 419 3513 Graeci
441 3447 538 3528 χρῆμα
561 3444 690 3522 (Bernb.
712 3460 743 3522 p.
767 3445 839 3523 52),
874 3444 967 3507 Truc.
990 3442 1021 3522 Ι,
1046 3449 1079 3522 2,
1103 3451 1158 3511 39:
1196 3465 1258 3506 rem
1282 3479 1324 3491 -

160 3549 281 3620 amoris,
307 3544 337 3609 h.
360 3563 386 3609 e.
411 3561 563 3608 amorem.
600 3540 714 3622 Amph.
731 3540 773 3620 Π,
798 3546 827 3621 2,
854 3545 869 3604 1
894 3559 944 3603 res
960 3546 1202 3617 -voluptatum
1225 3541 1326 3618 (Rud-

160 3643 236 3708 dim.
253 3659 283 3721 p.
302 3643 387 3721 372),
411 3642 443 3706 h.
461 3659 487 3706 e.
510 3641 703 3721 voluptates.
749 3638 842 3704 Truc.
865 3637 908 3717 Π,
934 3643 961 3716 l,
984 3643 1020 3702 4:
1044 3642 1080 3702 ob
1103 3642 1215 3700 amoris
1229 3657 1326 3714 proo-

161 3743 254 3804 diem.
299 3740 425 3804 Lamb:
458 3741 478 3804 i.
503 3757 530 3803 e.
560 3740 601 3804 ob
625 3753 775 3802 amorem.
818 3735 933 3800 Weiss
971 3739 1124 3815 „propter
1154 3735 1324 3816 impensas,

161 3837 320 3917 quas-ille
346 3837 463 3902 amoris
486 3851 583 3900 causa
603 3831 710 3900 fecit.“
755 3831 903 3911 Poeni,
928 3837 962 3912 2,
987 3837 1022 3895 1:
1056 3835 1163 3906 Nepoti
1191 3835 1248 3894 sibi
1275 3837 1327 3908 qni

161 3939 242 3998 volet
263 3938 325 3996 mm
347 3953 470 4010 parare,
496 3933 550 3998 ubi
572 3951 602 3997 v.
626 3936 684 3994 vim
707 3935 806 4010 auget
828 3929 988 3994 notionem
1010 3945 1039 3991 v.
1064 3932 1173 4004 negoti.
1219 3927 1327 3992 Auda-

164 4032 231 4096 cius
254 4031 377 4095 dictum
401 4035 452 4096 est
473 4030 513 4096 ab
530 4029 632 4094 Ennio
654 4026 755 4092 annal.
780 4027 799 4090 l.
822 4027 866 4104 ΙΙ,
886 4025 924 4090 fr.
944 4031 975 4089 1:
998 4028 1059 4089 Olli
1081 4027 1236 4099 respondit
1258 4043 1325 4086 sun-

161 4133 205 4192 vir
234 4149 325 4192 sonus
352 4133 486 4206 Egeriai.
531 4128 569 4193 ln
595 4127 645 4190 bis
674 4124 820 4189 omnibus
847 4121 1001 4202 exemplis
1030 4121 1062 4185 id
1090 4119 1326 4184 substantivum

161 4226 363 4307 potissimum
387 4230 438 4290 est
459 4225 652 4303 maximique
674 4220 841 4299 momenti,
866 4221 956 4285 ciuus
978 4218 1066 4282 notio
1089 4215 1225 4280 mammo
1251 4231 1327 4294 pra-
